3376 5108
781 345 896 394 osser
918 343 1012 392 scos
1036 343 1059 391 a
1341 321 1507 410 [1558-59

509 980 741 1065 [1558-1559
787 980 959 1046 Accession
984 979 1021 1045 of
1038 979 1152 1061 Queen
1177 979 1349 1045 Elisabeth

785 1091 825 1160 17
851 1093 934 1160 Nor.
959 1094 1059 1179 1558]

351 1324 465 1392 Gratie
488 1327 556 1392 sive
577 1328 754 1415 petitiones
776 1349 925 1393 concesse
948 1327 981 1391 in
1005 1327 1103 1413 plena
1125 1325 1374 1412 congregatione
1397 1341 1510 1408 regen·

439 1431 523 1495 tium
554 1441 589 1498 et
614 1454 680 1498 non
705 1431 890 1519 regentium
917 1453 937 1494 5
967 1431 1050 1496 festo
1076 1430 1191 1497 Sancti
1221 1427 1390 1495 Michaelis
1419 1422 1511 1492 arch-

438 1535 547 1622 angeli
570 1558 657 1601 5555
681 1540 767 1601 1558
790 1557 891 1622 vsque
913 1533 955 1600 ad
975 1535 1062 1600 idem
1083 1535 1205 1600 festum
1225 1541 1346 1600 extunc
1366 1529 1511 1618 proxime

439 1661 578 1726 sequens
627 1641 772 1707 Roberto
797 1642 947 1725 Brassey¹
970 1662 1058 1704 sacre
1085 1638 1248 1724 theologie
1273 1637 1448 1725 professore
1475 1653 1512 1696 ac

439 1745 603 1830 preposito
622 1745 750 1831 collegii
771 1745 903 1833 Regalis
925 1751 1005 1809 tunc
1024 1742 1273 1830 procancellario
1294 1749 1328 1806 et
1348 1736 1512 1825 magistris

441 1849 580 1914 Ricardo
603 1848 733 1915 Smitbe
756 1858 790 1915 55
813 1849 965 1916 Johanne
988 1847 1060 1912 Bell
1083 1844 1345 1934 procuratoribus

355 2052 390 2107 In
402 2052 502 2124 primis
511 2052 674 2109 conceditur
684 2058 729 2110 14ο
739 2053 869 2110 Octobris
878 2058 910 2107 vt
919 2068 1016 2108 omnes
1025 2051 1115 2123 gratie
1123 2051 1298 2108 admittenda
1307 2068 1357 2122 per
1365 2049 1512 2105 dominum

425 2141 681 2198 vicecancellarium
693 2143 836 2198 doctorem
850 2143 939 2197 Perne
950 2141 1092 2196 doctorem
1109 2141 1223 2213 Mytehe
1240 2141 1406 2213 magistrum
1419 2139 1512 2210 Ooeyn

425 2235 454 2286 et
483 2232 650 2303 magistrum
675 2232 846 2305 Vxenbrydg
868 2235 989 2303 possunt
1016 2248 1179 2286 concurrere
1202 2232 1232 2286 in
1256 2235 1378 2302 quatuor
1402 2245 1513 2298 congre·

424 2320 584 2391 gatiouibus
596 2320 680 2376 larius
692 2322 759 2376 anni
771 2325 801 2375 55
812 2320 932 2391 quilibet
944 2337 1040 2375 eorum
1053 2318 1157 2374 habeat
1168 2337 1264 2374 vocem
1277 2319 1437 2389 negatiuam

356 2405 430 2460 Item
439 2407 745 2463 concediturvtdootor
754 2407 853 2479 Young
862 2407 996 2478 magister
1006 2405 1095 2478 Bsyly
1103 2406 1235 2476 magister
1244 2405 1371 2476 Anlebye
1381 2403 1514 2474 magister

427 2493 531 2548 Parlrer
552 2499 581 2549 et
603 2495 737 2565 magister
756 2495 908 2566 Atkynson
934 2494 1044 2564 possint
1062 2492 1161 2547 audire
1182 2498 1211 2547 et
1231 2492 1419 2548 determinare
1440 2506 1514 2545 com·

426 2583 531 2653 pariter
549 2584 624 2638 inter
642 2583 856 2638 uniuersitatem
874 2588 904 2636 55
921 2585 1107 2652 exequutores
1124 2582 1250 2651 magistri
1270 2581 1361 2635 Meers
1377 2579 1412 2634 de
1426 2578 1514 2634 omni-

427 2671 480 2725 bus
499 2672 657 2727 rationibus
676 2673 815 2726 intereos
833 2675 862 2725 et
880 2670 1094 2726 uniuersitatem

358 2759 431 2811 Item
447 2757 610 2812 conceditur
621 2763 654 2812 55
671 2758 818 2812 Mattheus
836 2759 937 2812 Stokes
953 2757 1078 2811 bodellus
1095 2757 1134 2810 sit
1146 2774 1218 2811 vnus
1230 2774 1263 2810 ex
1276 2754 1515 2826 appreciatoribus

427 2851 457 2898 55
469 2845 561 2898 scribe
572 2844 734 2899 achademie
747 2850 778 2898 vt
790 2845 924 2915 magister
937 2844 1043 2898 Meeres
1056 2843 1233 2914 predecessor
1244 2843 1304 2897 eius
1316 2843 1371 2897 luit

358 2933 432 2987 Item
450 2931 547 2987 eodem
569 2932 732 2987 conceditur
749 2937 781 2988 vt
799 2933 865 2987 lecti
885 2935 1004 3004 possunt
1025 2949 1086 2986 esse
1104 2931 1233 2986 custodes
1253 2935 1282 2986 et
1303 2930 1445 2985 auditores
1464 2929 1516 2984 cis·

428 3025 521 3075 tarum
540 3039 592 3092 pro
609 3021 662 3076 hoc
680 3039 754 3076 anno
772 3022 901 3092 sequenti

358 3107 432 3163 Item
457 3108 619 3163 conceditur
642 3111 672 3162 3⁰
693 3106 862 3162 Novembris
882 3110 914 3160 vt
938 3107 1061 3176 sigillum
1085 3107 1168 3161 officii
1191 3107 1348 3161 cancellarii
1372 3111 1402 3162 et
1425 3107 1518 3162 claves

428 3197 586 3250 communis
610 3196 681 3250 ciete
704 3195 814 3266 possint
838 3193 953 3266 sigillari
978 3194 1076 3265 sigillis
1103 3195 1300 3264 magistrorum
1326 3195 1464 3267 Hausope
1488 3201 1518 3251 et

429 3283 556 3339 Fewater

693 3372 829 3443 Magister
841 3370 933 3444 Oosyn
947 3371 1191 3427 vicecancellarius

359 3461 433 3516 Item
446 3461 608 3516 conceditur
624 3463 641 3514 8
659 3459 831 3515 Novembris
844 3464 876 3514 vt
893 3459 1027 3530 magister
1042 3458 1136 3531 Gosyn
1153 3458 1259 3514 electus
1275 3460 1519 3518 vicecancellarius

429 3550 517 3620 possit
540 3549 654 3604 admitti
675 3551 704 3603 iu
727 3549 848 3604 officium
867 3565 951 3602 suum
969 3546 1045 3602 domi
1064 3553 1093 3602 et
1112 3547 1217 3603 ibidem
1238 3549 1329 3604 iurare
1350 3556 1379 3604 et
1397 3552 1519 3622 reprere

430 3639 553 3709 sigillum
577 3645 607 3693 et
630 3640 722 3693 515555
745 3655 839 3692 coram
864 3635 1025 3692 doctoribus
1047 3637 1163 3707 Younge
1187 3641 1216 3692 et
1242 3637 1375 3693 Bulloclre
1397 3638 1520 3694 dominis

431 3727 657 3798 procuratoribus
681 3727 825 3798 magr'stris
843 3727 977 3797 Hausops
997 3729 1027 3780 et
1048 3725 1172 3781 Fewster
1192 3727 1326 3796 quoniam
1343 3733 1459 3798 propter
1476 3727 1518 3781 in-

431 3815 595 3869 firmitatem
608 3815 638 3868 in
650 3813 795 3885 publicum
807 3812 919 3884 prodire
931 3830 987 3867 non
999 3812 1122 3867 audebat

361 3902 435 3958 Item
447 3903 610 3957 conceditur·
626 3906 660 3956 22
677 3900 845 3956 Novembris
862 3905 894 3955 vt
911 3901 1045 3970 magister
1063 3898 1168 3971 Baylye
1179 3903 1209 3954 et
1225 3901 1357 3971 magister
1372 3901 1521 3973 Hanlebye

431 3991 541 4062 possint
552 3990 682 4061 supplere
693 3990 768 4044 vices
779 3988 939 4044 absentium
952 3987 1112 4044 auditorum
1124 3989 1195 4043 eiste
1206 3990 1363 4044 communis

197 4074 217 4132 f.
236 4075 274 4131 52
289 4095 307 4131 5
362 4079 436 4134 Item
449 4079 611 4133 conceditur
624 4082 659 4131 25
672 4077 840 4132 Novembris
851 4075 1005 4146 resignatio
1016 4075 1142 4146 magistri
1155 4075 1297 4131 Edmundi
1307 4076 1400 4149 Oosyn
1410 4077 1523 4148 publice

432 4184 526 4222 coram
550 4165 711 4238 regentibus
735 4182 785 4237 per
808 4163 951 4220 doctorem
976 4163 1046 4218 Yale
1069 4163 1237 4234 deputatum
1261 4169 1291 4218 et
1311 4169 1522 4235 procuratorem

433 4273 517 4312 suum
535 4256 609 4311 lecte
626 4255 662 4311 de
679 4260 710 4310 et
727 4272 777 4327 pro
795 4255 885 4310 officio
903 4253 1177 4308 vicecancellariatus

803 4367 810 4398 ¹
830 4367 877 4418 ece
894 4365 1087 4418 Introduction.
