3376 5108
194 343 360 428 1553-54]
632 355 745 406 nescu
768 357 860 405 soon
884 357 906 404 a
1309 335 1350 401 97

195 513 269 568 Item
287 511 451 568 conceditur
471 513 607 584 magistro
625 513 753 584 Gogmen
771 517 803 567 vt
822 512 950 569 studium
971 515 986 571 7
1005 529 1145 568 annorum
1163 511 1193 567 in
1212 511 1353 583 theologia

264 606 416 672 postquam
433 602 536 656 rexerit
552 601 583 656 in
600 599 711 656 artibus
727 619 792 656 cum
808 601 920 657 duobus
935 599 1112 656 sermonibus
1124 618 1179 655 vno
1195 600 1232 656 ad
1246 600 1352 655 clerum

263 691 353 746 altero
370 689 407 745 ad
425 708 536 746 crucem
557 690 636 746 Pauli
653 694 765 746 etcum
781 709 838 746 vua
854 692 1035 764 responsione
1048 691 1092 746 vel
1108 690 1237 763 pluribus
1254 691 1278 744 si
1295 689 1352 745 exi·

265 783 370 849 gantur
385 779 527 834 sufficiant
542 781 567 835 ei
580 779 616 834 ed
629 779 828 851 opponendum
840 785 870 835 et
881 779 1047 835 intrandum
1059 779 1089 834 in
1102 778 1242 849 theologia
1254 781 1283 832 et
1294 783 1352 832 stet

266 885 410 940 opponens
422 868 558 939 usquead
571 869 676 924 festum
689 869 817 924 Bernaba

192 954 299 1010 Eadem
311 955 403 1025 gretie
413 954 449 1010 de
462 955 546 1010 verbo
559 956 588 1010 iu
601 954 719 1010 verbum
732 956 895 1012 mnoeditur
907 955 1042 1027 magistro
1056 954 1183 1010 Pollarde

196 1043 271 1099 item
288 1044 450 1101 conceditur
465 1045 557 1101 eidem
573 1047 708 1117 magistro
725 1047 852 1102 Pollarde
870 1052 901 1101 vt
917 1047 1061 1118 responsio
1075 1045 1232 1116 theologica
1247 1045 1276 1100 in
1292 1063 1351 1100 ves-

266 1134 352 1206 periis
372 1135 501 1190 habenda
524 1153 575 1207 per
598 1135 718 1190 eundern
742 1136 781 1190 sit
804 1136 845 1190 illi
869 1135 899 1190 in
920 1135 980 1190 loco
1000 1133 1189 1207 responsionis
1208 1133 1244 1189 ed
1265 1151 1351 1206 quam

266 1226 380 1278 tenetur
397 1223 508 1278 racione
525 1223 628 1294 gradus
645 1224 690 1278 sui

196 1309 271 1364 item
288 1310 450 1366 conceditur
468 1311 602 1382 magistro
621 1313 737 1368 Murton
754 1316 786 1366 vt
804 1311 931 1367 studium
948 1328 996 1366 sex
1012 1328 1150 1366 annorum
1168 1310 1198 1365 iu
1212 1309 1352 1381 theologia

267 1405 417 1471 postquem
439 1400 541 1454 rexerit
562 1400 592 1454 in
616 1400 726 1456 artibus
747 1418 802 1455 vna
823 1417 887 1455 cum
910 1398 1021 1455 duobus
1044 1398 1219 1454 sermonibus
1238 1416 1294 1454 vno
1314 1397 1350 1453 ad

266 1483 372 1539 clerum
388 1485 476 1539 altero
492 1483 527 1539 ad
544 1503 656 1540 crucem
673 1486 752 1541 Pauli
769 1492 799 1541 et
815 1503 879 1541 cum
897 1503 952 1540 vna
968 1485 1147 1554 responsione
1163 1483 1207 1538 vel
1222 1483 1351 1555 pluribus

267 1573 291 1627 si
308 1573 454 1643 exigentur
471 1590 545 1628 auno
561 1574 688 1645 proximo
704 1573 758 1629 sub
775 1591 848 1645 poue
863 1573 1004 1628 concionis
1018 1572 1100 1628 realis
1112 1577 1234 1643 quatuor
1246 1589 1351 1627 merua-

267 1678 330 1716 rum
348 1661 476 1732 ponende
493 1661 523 1715 in
542 1661 673 1716 manibus
690 1665 902 1732 procuratorum
920 1660 1090 1716 admittetur
1106 1661 1169 1731 (sic)
1187 1660 1308 1715 sufficiat
1325 1661 1351 1715 ei

267 1753 327 1804 tam
339 1749 375 1804 ed
387 1749 585 1822 opponendum
598 1767 684 1821 quern
697 1749 859 1805 intrandum
872 1751 902 1804 iu
913 1766 992 1804 sacre
1003 1748 1142 1819 theologia

196 1837 303 1893 Eadem
320 1839 411 1910 gretie
427 1838 464 1893 de
478 1838 564 1895 verbo
581 1839 611 1895 in
630 1839 746 1896 verbum
764 1838 926 1894 conceditur
944 1839 1078 1908 magistro
1097 1837 1188 1892 Beker
1203 1837 1258 1892 nisi
1275 1837 1351 1908 quod

266 1925 314 1982 ille
325 1927 443 1983 ulterius
454 1933 568 1983 tenetur
580 1928 631 1982 boo
643 1945 718 1983 enno
729 1927 844 1982 admitti

197 2013 271 2070 Item
295 2015 457 2072 conceditur
480 2017 614 2087 magistro
639 2016 745 2072 Pecoke
768 2021 801 2071 vt
821 2014 950 2070 studium
969 2017 985 2072 7
1004 2030 1143 2068 annorum
1162 2013 1193 2068 in
1212 2008 1386 2084 theologici.
1404 2008 1475 2069 38b

267 2111 416 2175 postquam
433 2107 536 2161 rexerit
552 2107 582 2160 in
598 2105 708 2160 artibus
723 2123 787 2160 cum
804 2103 914 2160 duobus
929 2102 1106 2158 sermonibus
1122 2120 1177 2156 vno
1193 2101 1229 2158 ed
1245 2101 1350 2157 clerum

266 2192 355 2247 altero
378 2192 414 2248 ed
438 2211 548 2249 crucem
575 2194 654 2268 Pauli
678 2199 707 2248 et
731 2211 796 2248 cum
820 2211 876 2248 vna
899 2193 1080 2264 responsione
1104 2191 1148 2246 vel
1175 2190 1302 2262 pluribus
1325 2191 1350 2246 si

268 2281 415 2351 exigantur
430 2283 572 2338 sufficiant
589 2283 614 2338 ei
631 2282 667 2338 ad
685 2280 882 2354 opponendum
900 2285 931 2336 et
948 2280 1112 2336 intrandum
1130 2281 1160 2335 in
1177 2297 1257 2334 sacre
1275 2280 1352 2335 theo·

267 2369 340 2440 logie
356 2371 396 2425 sic
411 2371 486 2441 quod
503 2389 567 2426 cum
585 2371 676 2426 iectus
695 2371 778 2425 hierit
794 2369 923 2425 sacerdos
938 2370 1028 2441 possit
1040 2369 1154 2425 admitti
1167 2367 1202 2423 ed
1215 2368 1351 2440 placitum

266 2461 296 2510 et
311 2461 368 2512 stet
380 2475 523 2530 opponens
535 2457 670 2528 usquead
683 2459 787 2513 festum
800 2457 928 2512 Barnebe

198 2543 272 2599 ltem
285 2545 447 2601 conceditur
458 2545 549 2601 eidem
559 2550 591 2600 vt
602 2546 746 2616 responsio
758 2563 808 2616 per
819 2562 884 2600 eum
896 2545 942 2600 die
953 2545 1160 2600 commitiorum
1173 2544 1303 2600 habende
1314 2545 1354 2600 sit

267 2632 307 2687 illi
319 2634 380 2688 loco
391 2635 581 2706 responsionis
592 2633 627 2690 ad
640 2652 727 2706 quam
739 2639 853 2689 miretur
865 2633 975 2688 racione
987 2633 1089 2704 gredrm
1101 2635 1145 2689 sui

198 2720 272 2775 Item
284 2721 447 2777 conceditur
458 2723 592 2794 magistro
609 2722 711 2794 Tayler
722 2722 829 2793 collegii
841 2722 949 2778 Christi
960 2727 992 2776 vt
1004 2725 1021 2778 6
1033 2739 1170 2777 annorum
1183 2722 1310 2777 studium
1323 2723 1352 2776 in

268 2810 407 2882 theologie
420 2817 572 2883 postquem
585 2813 688 2868 rexerit
699 2812 729 2866 in
742 2810 851 2866 artibus
863 2829 928 2865 cum
940 2809 1050 2866 duobus
1061 2809 1238 2865 sermonibus
1249 2827 1305 2864 vno
1316 2809 1352 2865 ad

268 2898 373 2954 clerum
385 2899 474 2955 altero
485 2900 521 2956 ad
534 2917 645 2955 crucem
662 2901 741 2955 Pauli
753 2905 783 2955 et
795 2917 860 2954 cum
872 2917 929 2954 vna
940 2899 1119 2970 responsione
1132 2897 1176 2953 vel
1188 2897 1316 2970 pluribus
1328 2899 1352 2952 si

267 2987 416 3059 erigentur
432 2989 573 3044 sufficient
591 2990 616 3044 ei
634 2988 671 3044 ad
689 2986 886 3059 opponendum
904 2994 934 3042 et
951 2989 1114 3043 intrandum
1132 2987 1161 3042 in
1181 3005 1260 3042 sacre
1276 2986 1353 3042 theo-

269 3076 341 3148 logie
376 3078 417 3131 sio
428 3077 504 3149 quod
516 3081 574 3132 stet
586 3095 730 3149 opponens
742 3094 830 3148 voque
842 3077 878 3132 ad
890 3077 993 3131 festum
1007 3075 1135 3132 Bernaba

199 3163 273 3220 Item
292 3165 454 3221 conceditur
471 3165 562 3222 eidem
578 3169 611 3220 vt
626 3167 771 3238 responsio
787 3165 944 3236 theologice
958 3165 995 3220 ed
1011 3183 1099 3236 quem
1114 3169 1227 3221 tenetur
1243 3167 1353 3221 racione

269 3253 372 3323 gredrm
389 3255 434 3309 sui
452 3254 557 3309 differri
576 3255 666 3326 possit
683 3255 724 3309 sic
742 3255 817 3326 quod
837 3255 887 3309 fiet
904 3255 977 3309 citra
994 3255 1099 3310 festum
1116 3254 1219 3310 natalis
1238 3255 1353 3310 Domini

269 3344 428 3415 proximum
444 3344 498 3399 sub
513 3362 587 3416 pena
601 3344 742 3400 concionis
754 3343 838 3400 realis
849 3344 887 3399 xl·
898 3343 1027 3416 ponende
1039 3344 1068 3398 in
1081 3342 1211 3399 menibus
1223 3361 1352 3415 procure-

268 3436 363 3487 torum
376 3437 529 3505 antequem
541 3432 713 3489 admittetur
745 3433 902 3506 (respondit
913 3435 1035 3506 margin)

200 3519 275 3574 Item
298 3520 462 3576 conceditur
484 3526 518 3575 vt
540 3522 688 3576 conciones
712 3521 920 3593 disputaciones
941 3529 970 3576 et
991 3521 1185 3592 responsiones
1208 3519 1282 3576 secte
1305 3538 1355 3593 par

269 3609 437 3680 magistrum
458 3609 555 3665 Bovell
575 3627 650 3666 auno
673 3609 810 3681 preterito
833 3612 911 3664 stent
930 3609 956 3663 ei
977 3626 1028 3680 pro
1048 3607 1196 3679 completis
1216 3608 1304 3679 gradu
1324 3614 1354 3665 et

269 3697 360 3752 forme
389 3697 636 3754 baccheleureatus
662 3699 692 3754 in
717 3697 857 3769 theologia
903 3697 944 3752 sic
967 3695 1043 3769 quod
1067 3697 1157 3768 possit
1179 3695 1294 3752 admitti
1317 3697 1354 3768 ed

269 3786 406 3858 placitum
424 3792 567 3844 ettamen
586 3788 666 3843 iuxte
683 3793 779 3844 vetere
796 3791 907 3843 statuta
924 3787 1104 3842 concionatur
1124 3786 1195 3840 duos
1212 3803 1354 3841 sermones

269 3893 357 3931 vnum
373 3875 409 3932 ed
425 3875 531 3930 clerum
547 3875 669 3931 alterum
685 3875 722 3931 ed
738 3893 850 3930 crucem
867 3875 948 3930 Pauli
984 3873 1185 3946 (Ooucionatus
1200 3876 1245 3928 est
1261 3873 1354 3945 primo

269 3962 445 4020 dieVeneris
456 3962 596 4018 adventus
610 3966 678 4017 1558
714 3962 837 4036 margin)
