<?xml version="1.0" encoding="UTF-8"?>
<!DOCTYPE html PUBLIC "-//W3C//DTD XHTML 1.0 Transitional//EN"
    "http://www.w3.org/TR/xhtml1/DTD/xhtml1-transitional.dtd">
<html xmlns="http://www.w3.org/1999/xhtml" xml:lang="en" lang="en">
 <head>
  <title>
</title>
<meta http-equiv="Content-Type" content="text/html;charset=utf-8" />
  <meta name='ocr-system' content='tesseract 3.04.00' />
  <meta name='ocr-capabilities' content='ocr_page ocr_carea ocr_par ocr_line ocrx_word'/>
</head>
<body>
  <div class='ocr_page' id='page_1' title='image "./gracebookgreekl00venngoog_0157.png"; bbox 0 0 3376 5108; ppageno 0'>
   <div class='ocr_carea' id='block_1_1' title="bbox 745 372 1468 457">
    <p class='ocr_par' dir='ltr' id='par_1_1' title="bbox 745 372 1468 457">
     <span class='ocr_line' id='line_1_1' title="bbox 745 372 1468 457; baseline -0.004 -17"><span class='ocrx_word' id='word_1_1' title='bbox 745 389 859 440; x_wconf 80' lang='lat' dir='ltr'>onnon</span> <span class='ocrx_word' id='word_1_2' title='bbox 882 388 975 440; x_wconf 80' lang='lat' dir='ltr'>soon</span> <span class='ocrx_word' id='word_1_3' title='bbox 998 391 1021 438; x_wconf 85' lang='lat' dir='ltr'>n</span> <span class='ocrx_word' id='word_1_4' title='bbox 1302 372 1468 457; x_wconf 80' lang='lat'>[1557-58</span> 
     </span>
    </p>
   </div>
   <div class='ocr_carea' id='block_1_2' title="bbox 768 1077 1013 1162">
    <p class='ocr_par' dir='ltr' id='par_1_2' title="bbox 768 1077 1013 1162">
     <span class='ocr_line' id='line_1_2' title="bbox 768 1077 1013 1162; baseline 0.004 -21"><span class='ocrx_word' id='word_1_5' title='bbox 768 1077 1013 1162; x_wconf 73' lang='lat' dir='ltr'>[iser-1558]</span> 
     </span>
    </p>
   </div>
   <div class='ocr_carea' id='block_1_3' title="bbox 196 1357 1466 1450">
    <p class='ocr_par' dir='ltr' id='par_1_3' title="bbox 196 1357 1466 1450">
     <span class='ocr_line' id='line_1_3' title="bbox 196 1357 1466 1450; baseline 0.004 -27"><span class='ocrx_word' id='word_1_6' title='bbox 196 1357 298 1417; x_wconf 67' lang='lat' dir='ltr'>l492</span> <span class='ocrx_word' id='word_1_7' title='bbox 311 1359 424 1427; x_wconf 82' lang='lat' dir='ltr'>Gratis</span> <span class='ocrx_word' id='word_1_8' title='bbox 453 1360 524 1426; x_wconf 88' lang='lat' dir='ltr'>siue</span> <span class='ocrx_word' id='word_1_9' title='bbox 555 1361 733 1448; x_wconf 76' lang='lat' dir='ltr'><strong>petitiones</strong></span> <span class='ocrx_word' id='word_1_10' title='bbox 762 1385 911 1429; x_wconf 84' lang='lat' dir='ltr'>concesse</span> <span class='ocrx_word' id='word_1_11' title='bbox 937 1361 972 1427; x_wconf 92' lang='lat' dir='ltr'>in</span> <span class='ocrx_word' id='word_1_12' title='bbox 998 1363 1096 1450; x_wconf 88' lang='lat' dir='ltr'>plena</span> <span class='ocrx_word' id='word_1_13' title='bbox 1122 1363 1372 1450; x_wconf 74' lang='lat' dir='ltr'>congregatione</span> <span class='ocrx_word' id='word_1_14' title='bbox 1403 1365 1466 1428; x_wconf 89' lang='lat' dir='ltr'>Re-</span> 
     </span>
    </p>
   </div>
   <div class='ocr_carea' id='block_1_4' title="bbox 396 1468 1467 1872">
    <p class='ocr_par' dir='ltr' id='par_1_4' title="bbox 396 1468 1467 1872">
     <span class='ocr_line' id='line_1_4' title="bbox 396 1468 1467 1558; baseline 0.002 -26"><span class='ocrx_word' id='word_1_15' title='bbox 396 1468 546 1554; x_wconf 88' lang='lat' dir='ltr'>gentium</span> <span class='ocrx_word' id='word_1_16' title='bbox 582 1477 616 1533; x_wconf 94' lang='lat' dir='ltr'>et</span> <span class='ocrx_word' id='word_1_17' title='bbox 649 1491 715 1534; x_wconf 91' lang='lat' dir='ltr'>non</span> <span class='ocrx_word' id='word_1_18' title='bbox 750 1469 953 1558; x_wconf 87' lang='lat' dir='ltr'>Regentium</span> <span class='ocrx_word' id='word_1_19' title='bbox 986 1491 1007 1533; x_wconf 93' lang='lat' dir='ltr'>a</span> <span class='ocrx_word' id='word_1_20' title='bbox 1040 1469 1123 1536; x_wconf 85' lang='lat' dir='ltr'>festo</span> <span class='ocrx_word' id='word_1_21' title='bbox 1154 1470 1260 1535; x_wconf 87' lang='lat' dir='ltr'>sancti</span> <span class='ocrx_word' id='word_1_22' title='bbox 1298 1469 1467 1534; x_wconf 76' lang='lat' dir='ltr'>Michaelis</span> 
     </span>
     <span class='ocr_line' id='line_1_5' title="bbox 396 1571 1467 1661; baseline 0.002 -25"><span class='ocrx_word' id='word_1_23' title='bbox 396 1571 585 1659; x_wconf 76' lang='lat' dir='ltr'>archangeli</span> <span class='ocrx_word' id='word_1_24' title='bbox 613 1596 700 1640; x_wconf 92' lang='lat' dir='ltr'>auno</span> <span class='ocrx_word' id='word_1_25' title='bbox 725 1575 808 1642; x_wconf 79' lang='lat'>1557</span> <span class='ocrx_word' id='word_1_26' title='bbox 842 1597 943 1661; x_wconf 91' lang='lat' dir='ltr'>vsque</span> <span class='ocrx_word' id='word_1_27' title='bbox 977 1574 1019 1639; x_wconf 93' lang='lat' dir='ltr'>ad</span> <span class='ocrx_word' id='word_1_28' title='bbox 1050 1575 1138 1640; x_wconf 90' lang='lat' dir='ltr'>idem</span> <span class='ocrx_word' id='word_1_29' title='bbox 1169 1577 1289 1640; x_wconf 87' lang='lat' dir='ltr'>sestam</span> <span class='ocrx_word' id='word_1_30' title='bbox 1320 1597 1360 1638; x_wconf 88' lang='lat' dir='ltr'>ex</span> <span class='ocrx_word' id='word_1_31' title='bbox 1387 1582 1467 1639; x_wconf 87' lang='lat' dir='ltr'>tunc</span> 
     </span>
     <span class='ocr_line' id='line_1_6' title="bbox 396 1677 1466 1766; baseline 0.002 -26"><span class='ocrx_word' id='word_1_32' title='bbox 396 1677 543 1760; x_wconf 83' lang='lat' dir='ltr'>proxime</span> <span class='ocrx_word' id='word_1_33' title='bbox 573 1699 712 1764; x_wconf 90' lang='lat' dir='ltr'>sequeus</span> <span class='ocrx_word' id='word_1_34' title='bbox 765 1678 908 1744; x_wconf 91' lang='lat' dir='ltr'>Roberto</span> <span class='ocrx_word' id='word_1_35' title='bbox 931 1679 1071 1764; x_wconf 88' lang='lat' dir='ltr'>Brassey</span> <span class='ocrx_word' id='word_1_36' title='bbox 1096 1700 1186 1744; x_wconf 88' lang='lat' dir='ltr'>sacre</span> <span class='ocrx_word' id='word_1_37' title='bbox 1209 1678 1371 1766; x_wconf 85' lang='lat' dir='ltr'>theologie</span> <span class='ocrx_word' id='word_1_38' title='bbox 1393 1700 1466 1765; x_wconf 91' lang='lat' dir='ltr'>pro·</span> 
     </span>
     <span class='ocr_line' id='line_1_7' title="bbox 397 1780 1466 1872; baseline 0.002 -26"><span class='ocrx_word' id='word_1_39' title='bbox 397 1780 515 1848; x_wconf 79' lang='lat' dir='ltr'>sessore</span> <span class='ocrx_word' id='word_1_40' title='bbox 541 1804 578 1847; x_wconf 92' lang='lat' dir='ltr'>ac</span> <span class='ocrx_word' id='word_1_41' title='bbox 604 1784 770 1870; x_wconf 90' lang='lat' dir='ltr'>preposito</span> <span class='ocrx_word' id='word_1_42' title='bbox 796 1783 925 1872; x_wconf 89' lang='lat' dir='ltr'>collegii</span> <span class='ocrx_word' id='word_1_43' title='bbox 956 1784 1087 1870; x_wconf 77' lang='lat' dir='ltr'>Regalis</span> <span class='ocrx_word' id='word_1_44' title='bbox 1114 1793 1194 1848; x_wconf 90' lang='lat' dir='ltr'>tunc</span> <span class='ocrx_word' id='word_1_45' title='bbox 1220 1782 1466 1870; x_wconf 88' lang='lat' dir='ltr'>procancellario</span> 
     </span>
    </p>
   </div>
   <div class='ocr_carea' id='block_1_5' title="bbox 397 1887 1467 2056">
    <p class='ocr_par' dir='ltr' id='par_1_5' title="bbox 397 1887 1467 2056">
     <span class='ocr_line' id='line_1_8' title="bbox 397 1887 1467 1975; baseline 0 -25"><span class='ocrx_word' id='word_1_46' title='bbox 397 1893 432 1950; x_wconf 86' lang='lat' dir='ltr'>et</span> <span class='ocrx_word' id='word_1_47' title='bbox 461 1887 626 1974; x_wconf 81' lang='lat' dir='ltr'>magistris</span> <span class='ocrx_word' id='word_1_48' title='bbox 652 1887 817 1953; x_wconf 83' lang='lat' dir='ltr'>Gulielmo</span> <span class='ocrx_word' id='word_1_49' title='bbox 847 1887 1009 1975; x_wconf 79' lang='lat' dir='ltr'>Goldinge</span> <span class='ocrx_word' id='word_1_50' title='bbox 1039 1895 1074 1953; x_wconf 84' lang='lat' dir='ltr'>et</span> <span class='ocrx_word' id='word_1_51' title='bbox 1100 1887 1265 1954; x_wconf 85' lang='lat' dir='ltr'>Gulielmo</span> <span class='ocrx_word' id='word_1_52' title='bbox 1295 1887 1368 1972; x_wconf 85' lang='lat' dir='ltr'>Day</span> <span class='ocrx_word' id='word_1_53' title='bbox 1395 1908 1467 1973; x_wconf 93' lang='lat' dir='ltr'>pro-</span> 
     </span>
     <span class='ocr_line' id='line_1_9' title="bbox 397 1990 602 2056; baseline 0.01 -2"><span class='ocrx_word' id='word_1_54' title='bbox 397 1990 602 2056; x_wconf 84' lang='lat' dir='ltr'>curatoribus</span> 
     </span>
    </p>
   </div>
   <div class='ocr_carea' id='block_1_6' title="bbox 302 2229 1468 4508">
    <p class='ocr_par' dir='ltr' id='par_1_6' title="bbox 310 2229 1467 2563">
     <span class='ocr_line' id='line_1_10' title="bbox 310 2229 1467 2302; baseline -0.001 -17"><span class='ocrx_word' id='word_1_55' title='bbox 310 2229 478 2286; x_wconf 77' lang='lat' dir='ltr'>Concessum</span> <span class='ocrx_word' id='word_1_56' title='bbox 495 2234 540 2285; x_wconf 87' lang='lat' dir='ltr'>est</span> <span class='ocrx_word' id='word_1_57' title='bbox 550 2235 584 2284; x_wconf 85' lang='lat' dir='ltr'>vt</span> <span class='ocrx_word' id='word_1_58' title='bbox 595 2247 692 2285; x_wconf 91' lang='lat' dir='ltr'>omnes</span> <span class='ocrx_word' id='word_1_59' title='bbox 703 2230 793 2301; x_wconf 90' lang='lat' dir='ltr'>gratie</span> <span class='ocrx_word' id='word_1_60' title='bbox 805 2229 980 2285; x_wconf 79' lang='lat' dir='ltr'>admittenda</span> <span class='ocrx_word' id='word_1_61' title='bbox 992 2247 1042 2302; x_wconf 89' lang='lat' dir='ltr'>per</span> <span class='ocrx_word' id='word_1_62' title='bbox 1052 2229 1199 2285; x_wconf 89' lang='lat' dir='ltr'>dominum</span> <span class='ocrx_word' id='word_1_63' title='bbox 1210 2229 1467 2284; x_wconf 85' lang='lat' dir='ltr'>vicecancellarium</span> 
     </span>
     <span class='ocr_line' id='line_1_11' title="bbox 380 2316 1467 2390; baseline -0.001 -18"><span class='ocrx_word' id='word_1_64' title='bbox 380 2317 508 2373; x_wconf 84' lang='lat' dir='ltr'>doctores</span> <span class='ocrx_word' id='word_1_65' title='bbox 528 2317 647 2390; x_wconf 85' lang='lat' dir='ltr'>Brassey</span> <span class='ocrx_word' id='word_1_66' title='bbox 665 2323 694 2372; x_wconf 90' lang='lat' dir='ltr'>et</span> <span class='ocrx_word' id='word_1_67' title='bbox 715 2316 822 2372; x_wconf 87' lang='lat' dir='ltr'>Mitche</span> <span class='ocrx_word' id='word_1_68' title='bbox 840 2318 989 2388; x_wconf 86' lang='lat' dir='ltr'>magistros</span> <span class='ocrx_word' id='word_1_69' title='bbox 1009 2317 1099 2389; x_wconf 82' lang='lat' dir='ltr'>Bayly</span> <span class='ocrx_word' id='word_1_70' title='bbox 1116 2321 1146 2371; x_wconf 88' lang='lat' dir='ltr'>et</span> <span class='ocrx_word' id='word_1_71' title='bbox 1165 2317 1259 2372; x_wconf 75' lang='lat' dir='ltr'>lewes</span> <span class='ocrx_word' id='word_1_72' title='bbox 1276 2317 1386 2388; x_wconf 89' lang='lat' dir='ltr'>possint</span> <span class='ocrx_word' id='word_1_73' title='bbox 1403 2334 1467 2371; x_wconf 91' lang='lat' dir='ltr'>eon·</span> 
     </span>
     <span class='ocr_line' id='line_1_12' title="bbox 381 2403 1467 2475; baseline 0 -16"><span class='ocrx_word' id='word_1_74' title='bbox 381 2421 491 2460; x_wconf 86' lang='lat' dir='ltr'>currere</span> <span class='ocrx_word' id='word_1_75' title='bbox 510 2405 540 2458; x_wconf 92' lang='lat' dir='ltr'>in</span> <span class='ocrx_word' id='word_1_76' title='bbox 559 2408 681 2475; x_wconf 89' lang='lat' dir='ltr'>quatuor</span> <span class='ocrx_word' id='word_1_77' title='bbox 701 2403 962 2475; x_wconf 83' lang='lat' dir='ltr'>congregationibus</span> <span class='ocrx_word' id='word_1_78' title='bbox 983 2403 1066 2458; x_wconf 87' lang='lat' dir='ltr'>istius</span> <span class='ocrx_word' id='word_1_79' title='bbox 1088 2404 1154 2458; x_wconf 92' lang='lat' dir='ltr'>anui</span> <span class='ocrx_word' id='word_1_80' title='bbox 1203 2403 1250 2458; x_wconf 89' lang='lat' dir='ltr'>lta</span> <span class='ocrx_word' id='word_1_81' title='bbox 1269 2403 1344 2475; x_wconf 90' lang='lat' dir='ltr'>quod</span> <span class='ocrx_word' id='word_1_82' title='bbox 1365 2404 1467 2475; x_wconf 84' lang='lat' dir='ltr'>singuli</span> 
     </span>
     <span class='ocr_line' id='line_1_13' title="bbox 381 2491 1026 2563; baseline -0.002 -16"><span class='ocrx_word' id='word_1_83' title='bbox 381 2491 642 2563; x_wconf 85' lang='lat' dir='ltr'>prenominatorum</span> <span class='ocrx_word' id='word_1_84' title='bbox 659 2492 831 2547; x_wconf 76' lang='lat' dir='ltr'>unanimiter</span> <span class='ocrx_word' id='word_1_85' title='bbox 848 2491 1026 2547; x_wconf 87' lang='lat' dir='ltr'>consentiant</span> 
     </span>
    </p>

    <p class='ocr_par' dir='ltr' id='par_1_7' title="bbox 311 2578 1468 2830">
     <span class='ocr_line' id='line_1_14' title="bbox 311 2578 1468 2651; baseline 0 -17"><span class='ocrx_word' id='word_1_86' title='bbox 311 2579 384 2634; x_wconf 84' lang='lat' dir='ltr'>Item</span> <span class='ocrx_word' id='word_1_87' title='bbox 398 2579 560 2634; x_wconf 84' lang='lat' dir='ltr'>conceditur</span> <span class='ocrx_word' id='word_1_88' title='bbox 572 2583 603 2635; x_wconf 83' lang='lat' dir='ltr'>rt</span> <span class='ocrx_word' id='word_1_89' title='bbox 615 2578 713 2634; x_wconf 91' lang='lat' dir='ltr'>doctor</span> <span class='ocrx_word' id='word_1_90' title='bbox 728 2578 886 2651; x_wconf 84' lang='lat' dir='ltr'>Segiswyclr</span> <span class='ocrx_word' id='word_1_91' title='bbox 898 2579 937 2633; x_wconf 90' lang='lat' dir='ltr'>sit</span> <span class='ocrx_word' id='word_1_92' title='bbox 949 2596 1021 2633; x_wconf 87' lang='lat' dir='ltr'>vnus</span> <span class='ocrx_word' id='word_1_93' title='bbox 1033 2595 1130 2633; x_wconf 91' lang='lat' dir='ltr'>eorum</span> <span class='ocrx_word' id='word_1_94' title='bbox 1141 2579 1202 2633; x_wconf 91' lang='lat' dir='ltr'>loco</span> <span class='ocrx_word' id='word_1_95' title='bbox 1213 2578 1336 2634; x_wconf 90' lang='lat' dir='ltr'>doctoris</span> <span class='ocrx_word' id='word_1_96' title='bbox 1348 2579 1468 2651; x_wconf 83' lang='lat' dir='ltr'>Brassey</span> 
     </span>
     <span class='ocr_line' id='line_1_15' title="bbox 380 2668 1468 2739; baseline -0.002 -15"><span class='ocrx_word' id='word_1_97' title='bbox 380 2687 456 2724; x_wconf 89' lang='lat' dir='ltr'>nuno</span> <span class='ocrx_word' id='word_1_98' title='bbox 465 2668 682 2724; x_wconf 80' lang='lat' dir='ltr'>vicecancellarii</span> <span class='ocrx_word' id='word_1_99' title='bbox 691 2685 812 2739; x_wconf 91' lang='lat' dir='ltr'>quorum</span> <span class='ocrx_word' id='word_1_100' title='bbox 821 2669 962 2723; x_wconf 77' lang='lat' dir='ltr'>unanimis</span> <span class='ocrx_word' id='word_1_101' title='bbox 971 2686 1123 2724; x_wconf 87' lang='lat' dir='ltr'>consensus</span> <span class='ocrx_word' id='word_1_102' title='bbox 1135 2669 1165 2723; x_wconf 94' lang='lat' dir='ltr'>in</span> <span class='ocrx_word' id='word_1_103' title='bbox 1174 2668 1358 2724; x_wconf 86' lang='lat' dir='ltr'>admittendis</span> <span class='ocrx_word' id='word_1_104' title='bbox 1369 2669 1468 2739; x_wconf 89' lang='lat' dir='ltr'>gratiis</span> 
     </span>
     <span class='ocr_line' id='line_1_16' title="bbox 380 2757 1157 2830; baseline 0 -18"><span class='ocrx_word' id='word_1_105' title='bbox 380 2758 534 2830; x_wconf 87' lang='lat' dir='ltr'>requiritur</span> <span class='ocrx_word' id='word_1_106' title='bbox 546 2758 576 2813; x_wconf 91' lang='lat' dir='ltr'>in</span> <span class='ocrx_word' id='word_1_107' title='bbox 588 2762 711 2829; x_wconf 89' lang='lat' dir='ltr'>quatuor</span> <span class='ocrx_word' id='word_1_108' title='bbox 722 2757 982 2828; x_wconf 85' lang='lat' dir='ltr'>congregationibus</span> <span class='ocrx_word' id='word_1_109' title='bbox 993 2759 1077 2813; x_wconf 89' lang='lat' dir='ltr'>istius</span> <span class='ocrx_word' id='word_1_110' title='bbox 1088 2759 1157 2813; x_wconf 89' lang='lat' dir='ltr'>anni</span> 
     </span>
    </p>

    <p class='ocr_par' dir='ltr' id='par_1_8' title="bbox 311 2837 1468 2917">
     <span class='ocr_line' id='line_1_17' title="bbox 311 2837 1468 2917; baseline -0.002 -15"><span class='ocrx_word' id='word_1_111' title='bbox 311 2837 385 2902; x_wconf 80' lang='lat' dir='ltr'>item</span> <span class='ocrx_word' id='word_1_112' title='bbox 403 2845 565 2902; x_wconf 89' lang='lat' dir='ltr'>conceditur</span> <span class='ocrx_word' id='word_1_113' title='bbox 583 2845 690 2900; x_wconf 84' lang='lat' dir='ltr'>Thome</span> <span class='ocrx_word' id='word_1_114' title='bbox 708 2844 810 2901; x_wconf 88' lang='lat' dir='ltr'>Talbot</span> <span class='ocrx_word' id='word_1_115' title='bbox 827 2849 859 2900; x_wconf 85' lang='lat' dir='ltr'>vt</span> <span class='ocrx_word' id='word_1_116' title='bbox 875 2845 1022 2901; x_wconf 89' lang='lat' dir='ltr'>duodecim</span> <span class='ocrx_word' id='word_1_117' title='bbox 1038 2846 1153 2901; x_wconf 84' lang='lat' dir='ltr'>termini</span> <span class='ocrx_word' id='word_1_118' title='bbox 1169 2847 1199 2901; x_wconf 92' lang='lat' dir='ltr'>in</span> <span class='ocrx_word' id='word_1_119' title='bbox 1216 2845 1320 2917; x_wconf 89' lang='lat' dir='ltr'>quibus</span> <span class='ocrx_word' id='word_1_120' title='bbox 1335 2846 1468 2900; x_wconf 86' lang='lat' dir='ltr'>lectiones</span> 
     </span>
    </p>

    <p class='ocr_par' dir='ltr' id='par_1_9' title="bbox 302 2933 1467 3183">
     <span class='ocr_line' id='line_1_18' title="bbox 302 2933 1467 2991; baseline -0.001 -1"><span class='ocrx_word' id='word_1_121' title='bbox 302 2969 306 2976; x_wconf 43' lang='grc' dir='ltr'><strong><em>ι</em></strong></span> <span class='ocrx_word' id='word_1_122' title='bbox 381 2933 536 2990; x_wconf 86' lang='lat' dir='ltr'>ordinarias</span> <span class='ocrx_word' id='word_1_123' title='bbox 555 2933 667 2989; x_wconf 89' lang='lat' dir='ltr'>audiuit</span> <span class='ocrx_word' id='word_1_124' title='bbox 685 2934 750 2988; x_wconf 85' lang='lat' dir='ltr'>lieet</span> <span class='ocrx_word' id='word_1_125' title='bbox 768 2952 824 2989; x_wconf 91' lang='lat' dir='ltr'>non</span> <span class='ocrx_word' id='word_1_126' title='bbox 842 2935 957 2990; x_wconf 92' lang='lat' dir='ltr'>omnino</span> <span class='ocrx_word' id='word_1_127' title='bbox 974 2935 1129 2991; x_wconf 88' lang='lat' dir='ltr'>secundum</span> <span class='ocrx_word' id='word_1_128' title='bbox 1146 2936 1264 2990; x_wconf 86' lang='lat' dir='ltr'>formam</span> <span class='ocrx_word' id='word_1_129' title='bbox 1282 2937 1385 2990; x_wconf 88' lang='lat' dir='ltr'>statuti</span> <span class='ocrx_word' id='word_1_130' title='bbox 1403 2952 1467 2990; x_wconf 90' lang='lat' dir='ltr'>cum</span> 
     </span>
     <span class='ocr_line' id='line_1_19' title="bbox 381 3021 1467 3095; baseline -0.001 -17"><span class='ocrx_word' id='word_1_131' title='bbox 381 3021 605 3095; x_wconf 88' lang='lat' dir='ltr'>oppositionibus</span> <span class='ocrx_word' id='word_1_132' title='bbox 625 3027 654 3077; x_wconf 88' lang='lat' dir='ltr'>et</span> <span class='ocrx_word' id='word_1_133' title='bbox 675 3023 902 3093; x_wconf 88' lang='lat' dir='ltr'>responsionibus</span> <span class='ocrx_word' id='word_1_134' title='bbox 924 3024 1068 3094; x_wconf 79' lang='lat' dir='ltr'>requisitis</span> <span class='ocrx_word' id='word_1_135' title='bbox 1088 3024 1230 3078; x_wconf 84' lang='lat' dir='ltr'>sufficiant</span> <span class='ocrx_word' id='word_1_136' title='bbox 1250 3025 1277 3078; x_wconf 91' lang='lat' dir='ltr'>ei</span> <span class='ocrx_word' id='word_1_137' title='bbox 1297 3024 1334 3080; x_wconf 89' lang='lat' dir='ltr'>ad</span> <span class='ocrx_word' id='word_1_138' title='bbox 1354 3041 1467 3095; x_wconf 88' lang='lat' dir='ltr'>respon·</span> 
     </span>
     <span class='ocr_line' id='line_1_20' title="bbox 380 3111 663 3183; baseline -0.007 -16"><span class='ocrx_word' id='word_1_139' title='bbox 380 3111 504 3168; x_wconf 83' lang='lat' dir='ltr'>dandum</span> <span class='ocrx_word' id='word_1_140' title='bbox 521 3113 663 3183; x_wconf 88' lang='lat' dir='ltr'>questioni</span> 
     </span>
    </p>

    <p class='ocr_par' dir='ltr' id='par_1_10' title="bbox 310 3198 1468 3960">
     <span class='ocr_line' id='line_1_21' title="bbox 310 3198 1468 3271; baseline -0.001 -15"><span class='ocrx_word' id='word_1_141' title='bbox 310 3199 417 3256; x_wconf 84' lang='lat' dir='ltr'>Eadem</span> <span class='ocrx_word' id='word_1_142' title='bbox 440 3199 532 3271; x_wconf 89' lang='lat' dir='ltr'>gratia</span> <span class='ocrx_word' id='word_1_143' title='bbox 555 3199 590 3254; x_wconf 89' lang='lat' dir='ltr'>de</span> <span class='ocrx_word' id='word_1_144' title='bbox 611 3198 695 3254; x_wconf 85' lang='lat' dir='ltr'>verbo</span> <span class='ocrx_word' id='word_1_145' title='bbox 719 3200 749 3254; x_wconf 92' lang='lat' dir='ltr'>in</span> <span class='ocrx_word' id='word_1_146' title='bbox 768 3199 886 3256; x_wconf 86' lang='lat' dir='ltr'>verbum</span> <span class='ocrx_word' id='word_1_147' title='bbox 907 3200 1070 3256; x_wconf 87' lang='lat' dir='ltr'>conceditur</span> <span class='ocrx_word' id='word_1_148' title='bbox 1093 3199 1201 3255; x_wconf 90' lang='lat' dir='ltr'>Thome</span> <span class='ocrx_word' id='word_1_149' title='bbox 1225 3199 1337 3255; x_wconf 88' lang='lat' dir='ltr'>Randes</span> <span class='ocrx_word' id='word_1_150' title='bbox 1360 3200 1468 3255; x_wconf 90' lang='lat' dir='ltr'>Thome</span> 
     </span>
     <span class='ocr_line' id='line_1_22' title="bbox 381 3287 1468 3360; baseline -0.003 -14"><span class='ocrx_word' id='word_1_151' title='bbox 381 3289 477 3346; x_wconf 85' lang='lat' dir='ltr'>White</span> <span class='ocrx_word' id='word_1_152' title='bbox 508 3287 629 3343; x_wconf 89' lang='lat' dir='ltr'>Roberto</span> <span class='ocrx_word' id='word_1_153' title='bbox 660 3289 742 3344; x_wconf 85' lang='lat' dir='ltr'>Duke</span> <span class='ocrx_word' id='word_1_154' title='bbox 772 3288 923 3345; x_wconf 88' lang='lat' dir='ltr'>Edmundo</span> <span class='ocrx_word' id='word_1_155' title='bbox 954 3291 1031 3346; x_wconf 84' lang='lat' dir='ltr'>Hare</span> <span class='ocrx_word' id='word_1_156' title='bbox 1061 3289 1175 3360; x_wconf 89' lang='lat' dir='ltr'>Hugoni</span> <span class='ocrx_word' id='word_1_157' title='bbox 1203 3288 1298 3344; x_wconf 88' lang='lat' dir='ltr'>Jarvis</span> <span class='ocrx_word' id='word_1_158' title='bbox 1329 3289 1468 3344; x_wconf 86' lang='lat' dir='ltr'>Richardo</span> 
     </span>
     <span class='ocr_line' id='line_1_23' title="bbox 382 3375 1468 3449; baseline 0 -17"><span class='ocrx_word' id='word_1_159' title='bbox 382 3377 540 3449; x_wconf 83' lang='lat' dir='ltr'>Stevynson</span> <span class='ocrx_word' id='word_1_160' title='bbox 553 3375 694 3432; x_wconf 86' lang='lat' dir='ltr'>Willelmo</span> <span class='ocrx_word' id='word_1_161' title='bbox 708 3376 797 3432; x_wconf 83' lang='lat' dir='ltr'>Fullre</span> <span class='ocrx_word' id='word_1_162' title='bbox 809 3376 950 3434; x_wconf 88' lang='lat' dir='ltr'>Willelmo</span> <span class='ocrx_word' id='word_1_163' title='bbox 965 3377 1037 3448; x_wconf 87' lang='lat' dir='ltr'>Paga</span> <span class='ocrx_word' id='word_1_164' title='bbox 1052 3376 1175 3431; x_wconf 86' lang='lat' dir='ltr'>Roberto</span> <span class='ocrx_word' id='word_1_165' title='bbox 1189 3375 1316 3433; x_wconf 88' lang='lat' dir='ltr'>Redman</span> <span class='ocrx_word' id='word_1_166' title='bbox 1328 3377 1468 3432; x_wconf 88' lang='lat' dir='ltr'>Willelmo</span> 
     </span>
     <span class='ocr_line' id='line_1_24' title="bbox 381 3462 1468 3537; baseline 0 -17"><span class='ocrx_word' id='word_1_167' title='bbox 381 3465 537 3537; x_wconf 86' lang='lat' dir='ltr'>Binghame</span> <span class='ocrx_word' id='word_1_168' title='bbox 554 3463 677 3519; x_wconf 88' lang='lat' dir='ltr'>Haurioo</span> <span class='ocrx_word' id='word_1_169' title='bbox 689 3463 841 3520; x_wconf 78' lang='lat' dir='ltr'>Comewall</span> <span class='ocrx_word' id='word_1_170' title='bbox 859 3463 982 3520; x_wconf 87' lang='lat' dir='ltr'>Roborto</span> <span class='ocrx_word' id='word_1_171' title='bbox 994 3463 1095 3519; x_wconf 86' lang='lat' dir='ltr'>Wallei</span> <span class='ocrx_word' id='word_1_172' title='bbox 1110 3462 1216 3518; x_wconf 89' lang='lat' dir='ltr'>Jaoobo</span> <span class='ocrx_word' id='word_1_173' title='bbox 1233 3463 1311 3535; x_wconf 82' lang='lat' dir='ltr'>Ellya</span> <span class='ocrx_word' id='word_1_174' title='bbox 1329 3463 1468 3520; x_wconf 86' lang='lat' dir='ltr'>Richardo</span> 
     </span>
     <span class='ocr_line' id='line_1_25' title="bbox 381 3552 1468 3625; baseline -0.001 -16"><span class='ocrx_word' id='word_1_175' title='bbox 381 3553 474 3609; x_wconf 86' lang='lat' dir='ltr'>Lacok</span> <span class='ocrx_word' id='word_1_176' title='bbox 498 3552 623 3608; x_wconf 91' lang='lat' dir='ltr'>Johanni</span> <span class='ocrx_word' id='word_1_177' title='bbox 647 3553 764 3625; x_wconf 83' lang='lat' dir='ltr'>Bungey</span> <span class='ocrx_word' id='word_1_178' title='bbox 784 3553 908 3608; x_wconf 84' lang='lat' dir='ltr'>Robert&#39;o</span> <span class='ocrx_word' id='word_1_179' title='bbox 930 3553 1011 3609; x_wconf 88' lang='lat' dir='ltr'>West</span> <span class='ocrx_word' id='word_1_180' title='bbox 1031 3552 1172 3607; x_wconf 88' lang='lat' dir='ltr'>Willelmo</span> <span class='ocrx_word' id='word_1_181' title='bbox 1193 3552 1337 3608; x_wconf 86' lang='lat' dir='ltr'>Adamson</span> <span class='ocrx_word' id='word_1_182' title='bbox 1361 3553 1468 3608; x_wconf 87' lang='lat' dir='ltr'>Thome</span> 
     </span>
     <span class='ocr_line' id='line_1_26' title="bbox 381 3639 1468 3713; baseline -0.001 -17"><span class='ocrx_word' id='word_1_183' title='bbox 381 3641 469 3713; x_wconf 83' lang='lat' dir='ltr'>Fryer</span> <span class='ocrx_word' id='word_1_184' title='bbox 486 3641 610 3696; x_wconf 89' lang='lat' dir='ltr'>Johanni</span> <span class='ocrx_word' id='word_1_185' title='bbox 630 3641 814 3697; x_wconf 87' lang='lat' dir='ltr'>Sarrnderson</span> <span class='ocrx_word' id='word_1_186' title='bbox 832 3641 940 3697; x_wconf 90' lang='lat' dir='ltr'>Thome</span> <span class='ocrx_word' id='word_1_187' title='bbox 960 3641 1059 3697; x_wconf 89' lang='lat' dir='ltr'>Rudde</span> <span class='ocrx_word' id='word_1_188' title='bbox 1079 3640 1200 3696; x_wconf 81' lang='lat' dir='ltr'>Roberto</span> <span class='ocrx_word' id='word_1_189' title='bbox 1218 3639 1311 3696; x_wconf 79' lang='lat' dir='ltr'>Ooolre</span> <span class='ocrx_word' id='word_1_190' title='bbox 1328 3640 1468 3696; x_wconf 90' lang='lat' dir='ltr'>Willelmo</span> 
     </span>
     <span class='ocr_line' id='line_1_27' title="bbox 382 3726 1468 3802; baseline -0.001 -17"><span class='ocrx_word' id='word_1_191' title='bbox 382 3731 445 3802; x_wconf 79' lang='lat' dir='ltr'>Key</span> <span class='ocrx_word' id='word_1_192' title='bbox 472 3728 620 3783; x_wconf 87' lang='lat' dir='ltr'>Francisco</span> <span class='ocrx_word' id='word_1_193' title='bbox 651 3726 719 3782; x_wconf 86' lang='lat' dir='ltr'>Hall</span> <span class='ocrx_word' id='word_1_194' title='bbox 745 3727 872 3783; x_wconf 84' lang='lat' dir='ltr'>Galfrido</span> <span class='ocrx_word' id='word_1_195' title='bbox 903 3728 1022 3782; x_wconf 81' lang='lat' dir='ltr'>Downes</span> <span class='ocrx_word' id='word_1_196' title='bbox 1048 3726 1173 3782; x_wconf 87' lang='lat' dir='ltr'>Johanni</span> <span class='ocrx_word' id='word_1_197' title='bbox 1197 3728 1307 3785; x_wconf 88' lang='lat' dir='ltr'>Winter</span> <span class='ocrx_word' id='word_1_198' title='bbox 1337 3728 1468 3801; x_wconf 83' lang='lat' dir='ltr'>Henryco</span> 
     </span>
     <span class='ocr_line' id='line_1_28' title="bbox 382 3815 1467 3872; baseline -0.001 0"><span class='ocrx_word' id='word_1_199' title='bbox 382 3816 529 3872; x_wconf 82' lang='lat' dir='ltr'>Occlnufte</span> <span class='ocrx_word' id='word_1_200' title='bbox 549 3815 673 3871; x_wconf 88' lang='lat' dir='ltr'>Johanni</span> <span class='ocrx_word' id='word_1_201' title='bbox 698 3815 818 3870; x_wconf 84' lang='lat' dir='ltr'>Newson</span> <span class='ocrx_word' id='word_1_202' title='bbox 839 3820 869 3871; x_wconf 87' lang='lat' dir='ltr'>et</span> <span class='ocrx_word' id='word_1_203' title='bbox 893 3816 920 3870; x_wconf 94' lang='lat' dir='ltr'>N</span> <span class='ocrx_word' id='word_1_204' title='bbox 923 3816 1030 3871; x_wconf 88' lang='lat' dir='ltr'>icholao</span> <span class='ocrx_word' id='word_1_205' title='bbox 1055 3815 1129 3870; x_wconf 89' lang='lat' dir='ltr'>Huit</span> <span class='ocrx_word' id='word_1_206' title='bbox 1151 3820 1182 3870; x_wconf 88' lang='lat' dir='ltr'>et</span> <span class='ocrx_word' id='word_1_207' title='bbox 1203 3815 1342 3871; x_wconf 90' lang='lat' dir='ltr'>Willelmo</span> <span class='ocrx_word' id='word_1_208' title='bbox 1363 3815 1467 3871; x_wconf 85' lang='lat' dir='ltr'>Gravet</span> 
     </span>
     <span class='ocr_line' id='line_1_29' title="bbox 381 3902 696 3960; baseline -0.013 0"><span class='ocrx_word' id='word_1_209' title='bbox 381 3910 411 3960; x_wconf 88' lang='lat' dir='ltr'>et</span> <span class='ocrx_word' id='word_1_210' title='bbox 428 3903 550 3959; x_wconf 90' lang='lat' dir='ltr'>Johanni</span> <span class='ocrx_word' id='word_1_211' title='bbox 570 3902 696 3957; x_wconf 89' lang='lat' dir='ltr'>Henmer</span> 
     </span>
    </p>

    <p class='ocr_par' dir='ltr' id='par_1_11' title="bbox 312 3989 1468 4508">
     <span class='ocr_line' id='line_1_30' title="bbox 312 3989 1467 4063; baseline -0.003 -13"><span class='ocrx_word' id='word_1_212' title='bbox 312 3995 387 4051; x_wconf 85' lang='lat' dir='ltr'>Item</span> <span class='ocrx_word' id='word_1_213' title='bbox 403 3992 565 4049; x_wconf 87' lang='lat' dir='ltr'>conceditur</span> <span class='ocrx_word' id='word_1_214' title='bbox 580 3991 694 4047; x_wconf 92' lang='lat' dir='ltr'>domino</span> <span class='ocrx_word' id='word_1_215' title='bbox 711 3991 806 4063; x_wconf 76' lang='lat' dir='ltr'>heyne</span> <span class='ocrx_word' id='word_1_216' title='bbox 821 3992 957 4063; x_wconf 85' lang='lat' dir='ltr'>superiori</span> <span class='ocrx_word' id='word_1_217' title='bbox 971 4009 1046 4046; x_wconf 90' lang='lat' dir='ltr'>anno</span> <span class='ocrx_word' id='word_1_218' title='bbox 1060 3991 1183 4046; x_wconf 87' lang='lat' dir='ltr'>admisso</span> <span class='ocrx_word' id='word_1_219' title='bbox 1194 3991 1231 4046; x_wconf 91' lang='lat' dir='ltr'>ad</span> <span class='ocrx_word' id='word_1_220' title='bbox 1243 3989 1467 4062; x_wconf 89' lang='lat' dir='ltr'>respondendum</span> 
     </span>
     <span class='ocr_line' id='line_1_31' title="bbox 382 4078 1467 4153; baseline -0.003 -16"><span class='ocrx_word' id='word_1_221' title='bbox 382 4081 522 4153; x_wconf 85' lang='lat' dir='ltr'>questioni</span> <span class='ocrx_word' id='word_1_222' title='bbox 538 4085 571 4136; x_wconf 77' lang='lat' dir='ltr'>vt</span> <span class='ocrx_word' id='word_1_223' title='bbox 586 4081 647 4134; x_wconf 84' lang='lat' dir='ltr'>eius</span> <span class='ocrx_word' id='word_1_224' title='bbox 663 4078 798 4134; x_wconf 86' lang='lat' dir='ltr'>admissio</span> <span class='ocrx_word' id='word_1_225' title='bbox 814 4079 904 4150; x_wconf 88' lang='lat' dir='ltr'>possit</span> <span class='ocrx_word' id='word_1_226' title='bbox 920 4080 945 4133; x_wconf 88' lang='lat' dir='ltr'>ei</span> <span class='ocrx_word' id='word_1_227' title='bbox 962 4079 1088 4134; x_wconf 87' lang='lat' dir='ltr'>sufficere</span> <span class='ocrx_word' id='word_1_228' title='bbox 1104 4097 1155 4150; x_wconf 91' lang='lat' dir='ltr'>pro</span> <span class='ocrx_word' id='word_1_229' title='bbox 1171 4079 1317 4152; x_wconf 90' lang='lat' dir='ltr'>eompletis</span> <span class='ocrx_word' id='word_1_230' title='bbox 1333 4078 1422 4150; x_wconf 88' lang='lat' dir='ltr'>gradu</span> <span class='ocrx_word' id='word_1_231' title='bbox 1438 4085 1467 4134; x_wconf 87' lang='lat' dir='ltr'>et</span> 
     </span>
     <span class='ocr_line' id='line_1_32' title="bbox 381 4165 1467 4238; baseline -0.002 -14"><span class='ocrx_word' id='word_1_232' title='bbox 381 4171 471 4225; x_wconf 87' lang='lat' dir='ltr'>forma</span> <span class='ocrx_word' id='word_1_233' title='bbox 490 4169 738 4224; x_wconf 81' lang='lat' dir='ltr'>bacchalaureatus</span> <span class='ocrx_word' id='word_1_234' title='bbox 756 4167 787 4222; x_wconf 94' lang='lat' dir='ltr'>iu</span> <span class='ocrx_word' id='word_1_235' title='bbox 805 4165 915 4222; x_wconf 86' lang='lat' dir='ltr'>artibus</span> <span class='ocrx_word' id='word_1_236' title='bbox 932 4168 1066 4238; x_wconf 90' lang='lat' dir='ltr'>quoniam</span> <span class='ocrx_word' id='word_1_237' title='bbox 1086 4168 1146 4223; x_wconf 89' lang='lat' dir='ltr'>sine</span> <span class='ocrx_word' id='word_1_238' title='bbox 1165 4168 1287 4223; x_wconf 81' lang='lat' dir='ltr'>maximo</span> <span class='ocrx_word' id='word_1_239' title='bbox 1305 4168 1365 4222; x_wconf 88' lang='lat' dir='ltr'>eius</span> <span class='ocrx_word' id='word_1_240' title='bbox 1382 4167 1467 4222; x_wconf 91' lang='lat' dir='ltr'>detri-</span> 
     </span>
     <span class='ocr_line' id='line_1_33' title="bbox 382 4255 1468 4328; baseline -0.002 -15"><span class='ocrx_word' id='word_1_241' title='bbox 382 4264 477 4313; x_wconf 89' lang='lat' dir='ltr'>mento</span> <span class='ocrx_word' id='word_1_242' title='bbox 494 4258 608 4313; x_wconf 85' lang='lat' dir='ltr'>finalem</span> <span class='ocrx_word' id='word_1_243' title='bbox 625 4255 888 4312; x_wconf 89' lang='lat' dir='ltr'>determinationem</span> <span class='ocrx_word' id='word_1_244' title='bbox 907 4261 1053 4328; x_wconf 77' lang='lat' dir='ltr'>expectare</span> <span class='ocrx_word' id='word_1_245' title='bbox 1072 4274 1128 4312; x_wconf 92' lang='lat' dir='ltr'>nou</span> <span class='ocrx_word' id='word_1_246' title='bbox 1147 4261 1243 4328; x_wconf 85' lang='lat' dir='ltr'>potest</span> <span class='ocrx_word' id='word_1_247' title='bbox 1262 4257 1302 4312; x_wconf 89' lang='lat' dir='ltr'>sic</span> <span class='ocrx_word' id='word_1_248' title='bbox 1321 4261 1418 4312; x_wconf 86' lang='lat' dir='ltr'>tamen</span> <span class='ocrx_word' id='word_1_249' title='bbox 1434 4262 1468 4311; x_wconf 88' lang='lat' dir='ltr'>vt</span> 
     </span>
     <span class='ocr_line' id='line_1_34' title="bbox 382 4345 1468 4417; baseline -0.003 -14"><span class='ocrx_word' id='word_1_250' title='bbox 382 4351 440 4404; x_wconf 85' lang='lat' dir='ltr'>stat</span> <span class='ocrx_word' id='word_1_251' title='bbox 465 4365 530 4402; x_wconf 91' lang='lat' dir='ltr'>cum</span> <span class='ocrx_word' id='word_1_252' title='bbox 557 4348 657 4401; x_wconf 83' lang='lat' dir='ltr'>ceteris</span> <span class='ocrx_word' id='word_1_253' title='bbox 680 4345 876 4417; x_wconf 86' lang='lat' dir='ltr'>questionistis</span> <span class='ocrx_word' id='word_1_254' title='bbox 902 4345 932 4401; x_wconf 91' lang='lat' dir='ltr'>in</span> <span class='ocrx_word' id='word_1_255' title='bbox 957 4345 1171 4417; x_wconf 86' lang='lat' dir='ltr'>quadragesima</span> <span class='ocrx_word' id='word_1_256' title='bbox 1196 4347 1294 4402; x_wconf 80' lang='lat' dir='ltr'>futura</span> <span class='ocrx_word' id='word_1_257' title='bbox 1320 4351 1350 4400; x_wconf 90' lang='lat' dir='ltr'>et</span> <span class='ocrx_word' id='word_1_258' title='bbox 1375 4349 1468 4400; x_wconf 87' lang='lat' dir='ltr'>cetera</span> 
     </span>
     <span class='ocr_line' id='line_1_35' title="bbox 382 4436 844 4508; baseline -0.002 -18"><span class='ocrx_word' id='word_1_259' title='bbox 382 4439 496 4508; x_wconf 85' lang='lat' dir='ltr'>peragat</span> <span class='ocrx_word' id='word_1_260' title='bbox 514 4453 564 4506; x_wconf 88' lang='lat' dir='ltr'>per</span> <span class='ocrx_word' id='word_1_261' title='bbox 581 4439 690 4490; x_wconf 88' lang='lat' dir='ltr'>statuta</span> <span class='ocrx_word' id='word_1_262' title='bbox 708 4436 844 4506; x_wconf 82' lang='lat' dir='ltr'>requisita</span> 
     </span>
    </p>
   </div>
   <div class='ocr_carea' id='block_1_7' title="bbox 0 0 1695 5108">
    <p class='ocr_par' dir='ltr' id='par_1_12' title="bbox 0 0 1695 5108">
     <span class='ocr_line' id='line_1_36' title="bbox 0 0 1695 5108; baseline 0 0"><span class='ocrx_word' id='word_1_263' title='bbox 0 0 1695 5108; x_wconf 95' lang='lat' dir='ltr'> </span> 
     </span>
    </p>
   </div>
  </div>
 </body>
</html>
