3376 5108
170 341 335 426 1552-53]
609 355 721 408 onnon
744 355 880 406 acone
1226 349 1228 354 ·
1284 338 1324 404 8⁷

238 511 301 567 aliis
313 513 452 568 exercitiis
463 531 514 585 per
525 513 600 584 regia
611 517 721 568 statuta
734 512 878 584 requisitis
889 512 1032 567 sufficiant
1044 513 1069 567 ei
1081 511 1116 567 sd
1134 511 1325 584 incipiendum

239 601 269 656 in
281 600 389 658 artibus

166 688 272 744 Eadem
284 691 376 760 gratia
387 690 422 746 de
434 690 518 746 verbo
530 691 559 745 in
573 688 690 746 verbum
702 690 866 745 conceditur
876 691 990 746 domino
1002 690 1104 762 Tayler

167 774 241 831 Item
253 778 415 837 ccnoeditur
432 777 553 834 Robertc
570 780 643 850 Eyre
660 784 693 834 vt
708 795 808 840 novem
824 779 939 834 termini
955 783 1020 850 poet
1036 778 1148 834 finalem
1160 779 1220 834 eius
1231 779 1321 834 deter-

237 867 420 923 minationem
439 867 589 938 inquibus
606 868 739 923 lectiones
755 866 910 922 ordinarias
927 866 1039 923 audiuit
1054 866 1120 922 licet
1135 883 1190 922 non
1207 867 1322 922 omnino

236 955 389 1011 secundum
403 955 522 1011 formam
534 957 638 1012 statuti
650 973 715 1011 cum
731 954 956 1026 oppositionibus
972 953 1200 1026 responsionibus
1217 961 1247 1010 et
1258 955 1322 1010 aliis

235 1043 374 1099 exercitiis
397 1061 448 1116 per
471 1043 546 1115 regia
570 1049 680 1098 statuta
701 1043 845 1114 requisitis
865 1042 1006 1097 sufficiant
1024 1043 1050 1097 ei
1075 1041 1111 1096 ad
1130 1043 1320 1116 incipiendum

235 1130 264 1184 in
283 1129 393 1186 artibus

164 1217 270 1273 Eadem
289 1220 381 1290 gratie
398 1218 433 1274 de
452 1220 537 1275 verbo
556 1221 586 1274 in
608 1219 725 1275 verbum
746 1218 910 1274 conceditur
931 1219 1054 1275 dominis
1076 1219 1167 1276 Fowle
1187 1225 1217 1276 et
1239 1219 1322 1276 Petro

235 1306 335 1362 Foster
357 1308 407 1378 qui
431 1307 546 1378 quidem
564 1325 621 1362 non
639 1311 683 1362 est
702 1311 813 1362 creatus
832 1307 863 1362 in
882 1306 928 1362 die
947 1307 1155 1362 commitiorum
1175 1314 1322 1380 propterea

233 1395 309 1466 quod
328 1395 476 1450 recusabat
494 1396 587 1467 palam
602 1395 798 1467 juramentum
815 1395 956 1468 suscipere
974 1413 1038 1451 cum
1057 1395 1120 1450 aliis

164 1483 228 1539 Vna
239 1501 304 1539 cnm
317 1485 381 1539 istis
393 1485 558 1556 inceperunt
571 1486 600 1540 in
614 1485 728 1555 collegio
741 1485 837 1556 Regali
846 1485 953 1541 domini
966 1486 1045 1556 Daye
1057 1485 1148 1540 Baker
1160 1486 1275 1557 Temple
1292 1490 1322 1542 et

194 1557 199 1566 ³
235 1571 359 1644 Kervyle
370 1571 475 1643 quibus
487 1591 543 1628 non
556 1577 617 1628 erat
629 1575 720 1646 petita
731 1575 822 1644 gratia
833 1591 924 1645 neque
935 1574 1108 1645 dispensatio
1120 1591 1251 1629 concessa

163 1659 238 1715 Item
255 1647 549 1717 conceditur⁸domino
570 1662 713 1718 Asshetcn
734 1667 767 1716 vt
788 1680 887 1718 novem
909 1662 1023 1717 termini
1045 1667 1109 1733 post
1130 1661 1242 1717 linslem
1260 1662 1321 1719 eius

232 1749 496 1806 determinationem
520 1752 550 1805 in
573 1749 679 1821 quibus
703 1750 836 1806 lectiones
860 1749 1014 1806 ordinarias
1037 1750 1150 1805 audiuit
1173 1750 1240 1806 licet
1264 1769 1319 1807 non

231 1839 346 1893 omnino
367 1838 520 1894 secundum
542 1839 661 1894 formam
680 1841 782 1895 statuti
802 1857 859 1894 vna
879 1857 943 1895 cum
965 1839 1189 1914 oppositionibus
1207 1858 1319 1914 respon-

231 1926 358 1982 sionibus
370 1933 400 1983 et
411 1927 474 1983 aliis
486 1928 626 1983 exercitiis
642 1945 692 1999 per
708 1928 784 1998 regie
795 1931 905 1983 statuta
921 1927 1065 1999 requisitis
1081 1927 1222 1984 sufficient
1240 1929 1264 1983 ei
1281 1929 1318 1984 ad

232 2015 423 2086 incipiendum
435 2017 465 2070 in
477 2016 587 2071 artibus

160 2102 267 2158 Eadem
290 2104 382 2174 gratia
409 2103 445 2159 de
468 2103 552 2159 verbo
577 2104 605 2158 in
631 2103 748 2159 verbum
772 2103 936 2159 conceditur
961 2101 1083 2159 dominis
1108 2104 1265 2176 Reynoldes
1288 2111 1318 2162 et

231 2191 370 2263 Sympson

161 2278 237 2333 Item
249 2279 413 2334 conceditur
423 2279 530 2350 domini
543 2279 561 2334 J
562 2279 647 2334 effera
658 2283 690 2336 vt
703 2297 804 2334 novem
820 2279 934 2335 termini
947 2285 1011 2350 post
1028 2279 1139 2335 finalem
1152 2281 1213 2335 eius
1228 2280 1318 2338 deter·
1333 2280 1351 2338 f.
1369 2279 1406 2337 35
1422 2299 1439 2337 e

229 2365 413 2420 minationem
430 2364 580 2435 inquibus
598 2364 732 2420 lectiones
747 2365 903 2420 ordinaries
919 2363 1031 2419 audiuit
1048 2364 1115 2420 licet
1131 2382 1187 2420 non
1205 2368 1319 2422 omnino

229 2451 384 2508 secundum
409 2453 528 2507 formam
553 2453 656 2508 statuti
680 2470 736 2508 vna
760 2469 825 2508 cum
845 2450 1069 2523 oppositionibus
1092 2454 1319 2524 responsionibus

228 2545 257 2593 et
280 2539 344 2594 aliis
368 2539 508 2594 exercitiis
532 2556 582 2611 per
605 2539 681 2611 regia
704 2543 814 2594 statuta
838 2539 982 2610 requisitis
1005 2539 1148 2596 sufficiant
1166 2542 1191 2595 ei
1216 2542 1252 2596 ad
1276 2543 1318 2597 in-

228 2627 391 2699 cipiendum
410 2627 439 2682 in
457 2627 568 2683 artibus

154 2714 263 2771 Eadem
274 2716 365 2788 gretie
377 2715 412 2772 de
424 2715 509 2771 verbo
521 2715 550 2770 in
563 2715 679 2773 verbum
692 2715 854 2772 conceditur
865 2716 987 2772 dominis
1000 2716 1087 2772 Lever
1098 2721 1128 2772 et
1139 2718 1245 2774 Bartcn

157 2802 232 2857 Item
253 2803 417 2859 conceditur
439 2802 555 2858 domino
573 2801 690 2857 Boswell
708 2807 740 2858 vt
758 2805 775 2858 9
793 2803 907 2858 termini
926 2809 992 2875 post
1011 2804 1122 2860 finalem
1143 2807 1205 2862 eius
1225 2807 1315 2863 deter-

228 2893 413 2948 minationem
431 2893 461 2946 in
478 2891 583 2962 quibus
599 2891 732 2946 lectiones
748 2891 904 2946 ordinariae
917 2891 1029 2948 audiuit
1044 2893 1112 2948 licet
1129 2911 1184 2949 non
1201 2897 1316 2951 omnino

227 2981 382 3037 secundum
395 2982 514 3037 formam
527 2981 630 3036 statuti
644 2997 709 3036 cum
726 2981 951 3054 oppositionibus
966 2982 1193 3054 responsionibus
1206 2990 1236 3040 et
1252 2987 1315 3042 aliis

227 3070 366 3126 exercitiis
389 3089 440 3142 per
458 3070 533 3141 regia
557 3073 668 3126 statuta
692 3071 836 3142 requisitis
855 3071 996 3128 sufficient
1015 3072 1040 3126 ei
1062 3072 1098 3126 ad
1123 3073 1313 3143 incipiendum

228 3158 257 3212 in
274 3157 385 3214 artibus

254 3425 422 3491 Numerus
445 3426 644 3511 Regentiurn
671 3427 703 3490 in
727 3427 854 3491 artibus
877 3428 971 3492 iuxta
993 3429 1214 3496 senioritatem

280 3569 435 3625 ¹Redmen-
701 3570 779 3642 Daye
1032 3573 1147 3646 Temple

332 3659 526 3730 incorporatus
700 3659 791 3714 Baker
1032 3661 1189 3732 Reynoldes

698 3748 773 3820 Eyre
1032 3749 1145 3806 Kervile

298 3835 473 3907 Stephenson
699 3836 801 3908 Tayler
1032 3837 1132 3893 Foster

297 3925 441 3982 Goodman
700 3925 836 3980 Harwerd
982 3926 1023 3980 llr
1036 3927 1124 3982 Burre

297 4012 380 4084 Meye
647 4011 803 4068 M'Jefl'era
1031 4015 1147 4070 Bcswell

297 4099 416 4155 Newtcn
698 4099 841 4154 Assheton
1031 4101 1170 4174 Sympson

296 4189 388 4245 Fowle
534 4191 539 4200 '
700 4189 788 4244 Lever
1032 4189 1138 4247 Barton

249 4275 290 4330 M*
301 4276 413 4348 Thorpe

215 4399 224 4431 ¹
242 4397 324 4448 These
335 4411 426 4449 names
437 4414 482 4449 are
493 4399 620 4462 arranged
632 4401 660 4449 in
671 4413 721 4450 one
732 4399 838 4450 column
850 4400 928 4463 along
940 4401 985 4452 the
996 4401 1096 4452 bettoni
1109 4403 1138 4452 ol
1147 4404 1181 4455 lo.
1197 4406 1228 4454 tt
1242 4405 1267 4456 b.
