3408 5116
331 321 395 386 284
764 340 993 391 omosaooa
1017 343 1039 389 a
1326 325 1491 411 [latare

329 492 500 548 Conceditur
512 498 546 548 25
559 494 687 549 Januarii
698 500 729 548 vt
741 493 867 564 magistri
877 493 895 548 J
897 511 921 550 o.
930 493 1020 564 Cragg
1032 498 1062 548 et
1076 495 1166 549 Lucas
1175 493 1287 566 Gylpyn
1299 499 1490 566 procuratores

394 585 428 635 et
438 581 583 636 Mattheus
592 581 697 652 Stolrys
706 579 831 636 bedellus
841 582 900 635 sint
910 581 995 636 vestri
1005 583 1145 637 atturnati
1155 582 1327 654 conjunctim
1337 586 1367 637 et
1376 581 1489 637 divisim

399 687 448 739 per
460 669 556 724 literas
566 675 673 724 vestras
685 668 739 724 sub
750 669 841 740 sigillo
855 673 947 724 vestro
958 670 1100 725 communi
1113 671 1263 726 constituti
1275 669 1311 725 ad
1325 669 1489 724 intrandum

399 763 429 811 et
445 756 635 828 recipiendum
649 757 708 812 vice
724 763 754 811 et
771 758 883 812 nomine
896 763 989 812 vestro
1006 758 1209 828 possessionem
1225 758 1358 814 seisirram
1376 764 1449 813 terre
1460 764 1490 812 st

399 846 491 917 platee
504 853 601 902 vocate
617 847 666 904 the
677 847 841 902 vniuersitie
858 852 946 903 street
964 847 1020 901 iam
1033 847 1099 902 date
1113 847 1191 903 vobis
1205 852 1235 902 et
1247 847 1426 902 uniuersitati
1439 863 1489 917 per

398 933 662 990 reuerendissimum
674 933 821 989 dominum
835 934 995 990 Mattheum
1008 934 1248 1006 archiepiscopum
1257 934 1489 990 cantuariensem

398 1029 428 1076 et
452 1023 618 1092 magistrum
639 1022 746 1094 collegii
768 1023 900 1094 Corporis
921 1023 1028 1078 Christi
1053 1027 1082 1078 et
1106 1023 1187 1078 beate
1212 1024 1300 1078 Maris
1323 1023 1438 1094 virginis
1459 1023 1487 1077 in

398 1111 578 1182 cantebrigia
595 1116 625 1166 et
643 1113 733 1166 socios
750 1111 874 1166 eiusdem
894 1113 1001 1183 collegii

328 1199 523 1254 Conceditur4
534 1199 676 1255 Februarii
688 1206 719 1255 vt
728 1200 860 1256 dominus
870 1202 1111 1256 vicecancellarius
1120 1209 1149 1257 et
1158 1206 1352 1273 procuratores
1362 1201 1487 1256 modemi

261 1275 266 1286 '
398 1287 457 1341 sint
468 1289 554 1342 vestri
567 1289 706 1342 attumati
720 1306 770 1360 per
781 1289 878 1344 literas
889 1289 980 1360 sigillo
993 1294 1086 1344 vestro
1097 1292 1238 1346 communi
1252 1291 1388 1362 sigillatas
1400 1290 1486 1361 assig-

399 1375 457 1428 nati
479 1374 516 1430 ad
538 1375 690 1446 petendum
712 1375 862 1431 levandum
882 1381 913 1431 et
930 1377 1116 1447 colligendum
1134 1378 1308 1450 conjunctim
1327 1383 1357 1432 et
1373 1377 1486 1433 divisim

397 1480 494 1516 omnes
522 1473 552 1518 et
579 1463 704 1533 singulas
729 1464 909 1534 pecuniarum
934 1481 1061 1520 summas
1081 1463 1192 1520 debitas
1216 1465 1358 1520 academie
1381 1470 1411 1520 et
1431 1466 1487 1521 alia

397 1569 563 1621 quecunque
590 1551 681 1606 cidem
705 1553 848 1608 academie
872 1554 1043 1624 pertinentia
1069 1561 1099 1609 et
1126 1554 1222 1610 debita
1251 1559 1281 1610 et
1308 1556 1423 1627 insuper
1450 1555 1486 1610 ad

397 1640 620 1712 componendum
632 1647 662 1695 et
674 1641 887 1712 transigendum
897 1643 932 1713 (si
947 1643 1029 1698 medo
1041 1643 1220 1699 commodum
1233 1644 1382 1699 honestum
1395 1649 1424 1699 et
1436 1661 1487 1716 pro

398 1728 501 1783 honore
525 1728 666 1785 academie
690 1730 748 1784 sore
771 1729 882 1786 duobus
902 1730 1092 1802 predictorum
1113 1736 1324 1787 atturnatorum
1347 1731 1487 1788 videbitur

397 1835 517 1888 quorum
539 1835 611 1871 vnus
635 1818 674 1872 eit
695 1818 948 1890 vicecancellarius)
968 1817 1063 1890 aliquo
1085 1819 1202 1874 honesto
1223 1819 1306 1875 modo
1324 1839 1388 1875 cum
1410 1819 1485 1875 debi-

397 1905 506 1960 toribus
518 1909 547 1960 et
559 1923 643 1976 supm
653 1905 772 1976 receptis
783 1912 834 1960 aut
845 1907 1036 1962 transactione
1047 1907 1253 1978 acquietanzias
1263 1907 1323 1964 vice
1334 1913 1364 1962 et
1374 1907 1486 1962 nemine

399 1999 490 2049 vestro
504 1992 612 2048 dandas
627 1998 657 2047 et
668 1992 863 2049 deliberandas
874 1999 904 2048 et
916 2001 1008 2050 cetera
1020 1997 1115 2051 omnia
1126 2002 1156 2051 et
1167 1997 1278 2068 singula
1292 1997 1486 2068 faciendaque

397 2084 427 2137 in
440 2083 490 2138 tali
503 2083 616 2153 negocio
628 2086 696 2136 sunt
708 2083 864 2137 necessaria
875 2086 904 2137 et
916 2087 1074 2155 opportuna
1085 2090 1115 2138 et
1124 2088 1156 2138 vt
1167 2101 1287 2155 expense
1300 2085 1329 2139 in
1342 2084 1486 2156 premissis

397 2171 470 2226 facte
482 2171 538 2226 illis
550 2170 704 2226 allocentur
716 2189 766 2242 per
777 2171 921 2226 auditores
932 2171 1003 2226 ciete
1013 2173 1172 2227 communis
1183 2172 1329 2243 sequentis
1340 2173 1407 2228 anni

328 2259 498 2316 Conceditur
515 2265 532 2313 4
551 2258 695 2314 Februarii
715 2260 849 2330 magistro
868 2258 988 2314 Ricanlo
1006 2259 1108 2331 Smyth
1127 2260 1156 2314 in
1175 2259 1285 2316 artibus
1303 2261 1437 2332 magistro
1454 2265 1486 2315 vt

397 2349 436 2403 sit
448 2366 521 2404 vnus
532 2366 566 2402 ex
580 2352 613 2402 12
625 2347 846 2419 predicatoribus
862 2347 915 2402 hoc
931 2349 1055 2419 presenti
1070 2365 1145 2402 anno
1157 2366 1207 2420 per
1218 2348 1390 2404 academiam
1402 2348 1484 2402 emit-

397 2435 491 2492 tendis
510 2437 550 2491 sic
569 2440 600 2490 vt
620 2453 705 2507 super
725 2436 778 2491 hac
796 2441 891 2491 vestra
911 2436 1088 2492 concessione
1109 2437 1206 2492 literas
1226 2436 1330 2494 habeat
1348 2437 1485 2508 sigillatas

398 2524 489 2596 sigillo
505 2527 599 2580 vestro
617 2523 759 2578 communi

328 2611 433 2668 Eadem
451 2613 542 2684 gratia
559 2609 721 2666 conceditur
739 2615 751 2666 l
770 2611 850 2666 Junii
867 2611 910 2666 ιῙο.
930 2611 1046 2667 Brenno
1065 2611 1158 2682 Regal.
1176 2613 1205 2667 in
1224 2611 1334 2667 artibus
1350 2613 1485 2683 magistro

400 2707 434 2758 10
445 2703 525 2758 Junii
543 2701 688 2772 Redolpho
699 2701 787 2756 Jonas
804 2701 899 2770 Regin.
913 2701 942 2754 in
955 2700 1066 2755 artibus
1078 2701 1212 2771 magistro
1249 2706 1278 2754 2⁰
1289 2700 1307 2754 J
1310 2701 1358 2755 ulii
1371 2700 1484 2756 Andros

399 2791 487 2845 Perne
505 2808 582 2844 sacre
601 2789 738 2860 theologie
758 2789 906 2859 professori
930 2789 1065 2844 Maurisio
1086 2788 1235 2842 Fawooner
1252 2805 1329 2842 sacre
1348 2787 1485 2858 theologie

397 2875 597 2931 bacchalaureo
632 2878 661 2932 7⁰
672 2874 690 2929 J
693 2875 742 2929 ulii
760 2874 778 2928 J
780 2893 804 2930 ο,
818 2873 934 2944 Bridges
950 2879 980 2928 et
998 2875 1120 2928 Robcrto
1134 2874 1243 2928 Norton
1256 2891 1333 2928 sacre
1346 2874 1484 2944 theologie

396 2963 600 3036 professoribus
636 2965 674 3018 Et
691 2968 720 3018 2⁰
735 2963 805 3018 Julii
822 2963 903 3018 litere
918 2969 1003 3018 antea
1021 2981 1150 3018 concesse
1166 2963 1214 3016 W⁰
1230 2961 1391 3018 Chaderton
1406 2980 1484 3018 sacre

396 3052 533 3123 theologie
545 3051 693 3122 professori
706 3053 878 3105 renovantur
914 3055 943 3104 2⁰
954 3050 971 3104 J
975 3051 1023 3104 ulii
1038 3051 1173 3105 Mauricio
1186 3049 1335 3105 Fawconer
1346 3050 1485 3122 theologie

395 3140 595 3196 bacchalaureo
607 3139 687 3193 litere
699 3137 890 3192 conceduntur

180 3231 200 3290 i.
220 3232 277 3290 116
292 3231 311 3290 b
325 3230 494 3286 Conceditur
517 3235 544 3284 1⁰
565 3227 709 3284 Februarii
734 3227 852 3298 Georgio
873 3226 990 3299 Jermyn
1017 3227 1142 3299 Reginali
1164 3229 1193 3283 in
1218 3229 1327 3283 artibus
1349 3231 1483 3300 magistro

148 3315 154 3326 '
397 3324 428 3374 vt
444 3317 548 3374 habeat
566 3317 662 3372 literas
679 3321 787 3372 vestras
805 3317 1008 3372 testimoniales
1026 3317 1129 3388 gradus
1147 3320 1176 3371 st
1194 3318 1415 3372 conversacionis
1432 3336 1483 3372 sue

394 3407 531 3477 sigillatas
548 3405 639 3477 sigillo
658 3411 751 3460 vestro
769 3405 911 3459 communi

323 3496 430 3552 Eadem
454 3495 546 3567 gratia
569 3493 733 3550 conceditur
755 3494 880 3548 Johanui
909 3493 1028 3564 Bradley
1055 3493 1129 3548 Petri
1157 3495 1187 3548 iu
1212 3493 1323 3548 artibus
1348 3495 1483 3564 magistro

393 3585 491 3640 eodem
508 3583 554 3639 die
590 3585 628 3638 Et
647 3589 682 3638 20
699 3584 768 3638 Maii
788 3583 911 3638 Henrico
929 3582 1067 3654 Wayland
1082 3588 1112 3638 et
1132 3583 1255 3638 Roberto
1271 3582 1360 3639 Jacob
1377 3583 1433 3638 Tri.
1451 3583 1480 3638 in

393 3673 503 3728 artibus
520 3674 662 3744 magistris
699 3673 737 3726 Et
754 3677 800 3726 22⁰
813 3673 920 3744 Aprilis
938 3672 984 3726 W⁰
1001 3673 1101 3743 lewyn
1119 3673 1149 3726 iu
1167 3672 1276 3727 artibus
1294 3673 1428 3744 magistro

323 3769 358 3820 23
376 3763 483 3835 Aprilis
503 3763 685 3834 dispensatur
706 3780 770 3817 cum
790 3761 905 3817 domino
928 3762 1079 3833 Pilkyntcn
1101 3761 1136 3817 de
1158 3763 1323 3816 visitacione
1342 3779 1394 3816 sua
1415 3762 1482 3833 quia

395 3869 450 3906 nou
469 3854 564 3922 potest
582 3851 643 3904 sine
661 3849 828 3904 offendiculo
846 3853 876 3904 et
893 3849 1017 3920 periculo
1035 3852 1128 3902 vestro
1145 3849 1259 3904 visitare
1275 3849 1400 3919 singulos
1416 3866 1480 3903 cum

393 3943 432 3995 sit
449 3945 478 3996 et
497 3941 582 3996 suerit
603 3940 741 4011 parochus
764 3939 879 3995 ecclesie
900 3945 997 3994 sancte
1018 3939 1169 3993 Trinitatis
1187 3939 1235 3994 vbi
1253 3939 1342 4010 pestis
1360 3939 1482 3993 maxime

393 4028 574 4100 grasmbatur

323 4118 492 4174 Conceditur
507 4121 525 4171 6
543 4115 610 4170 Maii
628 4133 692 4170 cum
710 4122 904 4186 procuratores
919 4119 949 4170 et
965 4120 1137 4169 scrutatores
1152 4133 1218 4186 sepe
1236 4119 1350 4185 propter
1367 4114 1481 4184 negocia

393 4224 445 4261 sua
457 4205 567 4276 privata
576 4203 673 4258 abesa
682 4208 818 4274 cogantur
826 4222 844 4258 a
852 4203 1115 4274 congregacionibus
1127 4208 1156 4258 et
1168 4203 1231 4257 aliis
1244 4201 1364 4273 publicis
1376 4201 1481 4256 muniis

392 4294 534 4350 academie
551 4297 582 4347 vt
598 4309 695 4346 eorum
711 4289 861 4346 substituti
878 4296 908 4346 et
924 4291 1020 4346 vicarii
1040 4291 1217 4346 iureiurando
1234 4291 1429 4361 astringantur
1444 4289 1481 4344 ad

393 4381 464 4436 bene
484 4385 515 4435 et
535 4379 655 4435 fideliter
677 4379 867 4450 paragendum
888 4396 984 4433 eorum
1005 4379 1127 4435 officium
1147 4386 1301 4450 antequam
1321 4377 1429 4450 aliquid
1450 4379 1481 4434 in

393 4469 536 4542 premissis
554 4472 728 4541 pertractent
