3394 5114
770 342 883 394 usion
905 324 999 393 Boou
1022 345 1045 392 Δ
1323 326 1489 413 [1568-69

771 1101 1017 1186 [uos-1569]

341 1335 454 1403 Gratis
484 1339 551 1404 sive
582 1340 758 1426 petitiones
788 1363 936 1406 concesse
962 1340 996 1404 in
1022 1339 1121 1427 plena
1151 1339 1399 1426 congregatione
1429 1339 1492 1404 Re-

426 1443 575 1528 gentium
610 1452 644 1508 et
679 1465 744 1508 non
777 1444 977 1530 Regentium
1012 1467 1032 1509 a
1066 1445 1147 1509 festo
1180 1443 1286 1509 sancti
1323 1443 1493 1509 Michaelis

427 1547 623 1635 Archangeli
646 1551 743 1613 Anno
766 1549 889 1614 domini
914 1551 1014 1613 1568ο
1036 1571 1136 1635 usque
1159 1548 1246 1614 idem
1270 1549 1389 1614 festum
1414 1557 1493 1612 tunc

426 1651 571 1736 proxime
600 1675 738 1739 sequens
768 1653 920 1718 Johannc
950 1653 1090 1738 Younge
1116 1675 1205 1718 sacre
1232 1653 1396 1739 theologie
1420 1674 1492 1738 pro-

427 1755 544 1821 fessore
568 1764 648 1822 tunc
669 1757 917 1842 prooancellario
940 1757 1093 1823 Johanne
1117 1757 1239 1842 Wellys
1263 1765 1298 1822 ct
1320 1757 1493 1821 Edmundo

426 1859 575 1946 Rokerey
598 1870 632 1927 et
655 1861 822 1926 Willelmo
845 1861 966 1948 Lewyn
989 1862 1253 1948 procuratoribus

340 2075 509 2132 Conceditur
528 2081 560 2133 15
581 2078 711 2134 Octobris
729 2085 762 2134 vt
780 2097 878 2135 omnes
895 2081 985 2150 gratie
1003 2080 1179 2135 admittende
1197 2099 1247 2151 per
1264 2080 1410 2136 dominum
1431 2100 1493 2152 pro-

410 2166 605 2222 canccllarium
622 2167 751 2224 doctores
765 2168 925 2241 Wightgyit
942 2170 1056 2241 Harvye
1072 2175 1101 2224 et
1117 2170 1229 2241 Lorkyn
1247 2171 1395 2241 magistros
1408 2171 1494 2226 Chat-

410 2257 504 2309 terton
513 2259 543 2310 et
551 2254 653 2311 Olarkc
663 2256 767 2327 (Clare)
777 2259 888 2329 possint
895 2277 1058 2314 concurrere
1066 2259 1096 2313 in
1104 2265 1226 2328 quatuor
1233 2259 1494 2330 congregationibus

410 2339 495 2395 huius
507 2342 574 2397 anni
586 2343 627 2398 sic
639 2346 671 2397 vt
683 2361 780 2398 omnes
792 2345 971 2400 consentiant

341 2429 511 2485 Conceditur
526 2434 543 2486 9
560 2431 667 2503 Aprilis
683 2432 768 2487 Anno
787 2436 855 2488 1568
875 2433 1019 2488 Leonardo
1038 2433 1169 2488 Metcalfe
1187 2439 1219 2489 vt
1238 2439 1270 2488 12
1289 2434 1403 2489 termini
1419 2452 1492 2488 com-

410 2518 480 2589 pleti
492 2519 521 2574 in
534 2519 637 2590 quibus
650 2521 783 2576 lectiones
792 2521 948 2576 ordinarias
957 2522 1067 2576 audivit
1076 2523 1141 2576 licet
1150 2541 1206 2577 non
1216 2523 1330 2577 omnino
1339 2522 1493 2578 secundum

411 2606 531 2662 formam
543 2609 646 2663 statuti
661 2627 726 2664 cum
741 2609 966 2681 oppositionibus
981 2611 1209 2681 responsionibus
1225 2616 1254 2665 st
1271 2611 1335 2665 aliis
1353 2611 1494 2666 exercitiis

411 2711 461 2763 per
472 2698 582 2749 statuta
593 2695 737 2765 requisitis
755 2695 897 2751 sufficiant
913 2696 938 2750 ei
955 2696 991 2751 ad
1007 2696 1232 2768 respondendum
1249 2697 1390 2767 questioni
1406 2698 1446 2750 sic
1463 2702 1495 2751 vt

411 2783 509 2837 stetin
522 2783 650 2854 proxima
661 2783 873 2854 quadragesima
884 2803 949 2839 cum
962 2785 1063 2839 ceteris
1075 2785 1271 2856 questionistis
1283 2783 1415 2855 quoniam
1433 2785 1494 2839 sine

411 2870 488 2939 gravi
500 2871 561 2926 eius
569 2869 741 2926 detrimento
752 2872 874 2927 alterum
886 2889 943 2927 non
956 2877 1051 2942 potest
1063 2878 1211 2942 expectare
1222 2890 1329 2927 annum

341 2955 447 3012 Eadem
459 2959 550 3028 gratia
561 2959 725 3014 conceditur
736 2965 770 3014 26
783 2961 802 3015 J
803 2961 864 3015 unii
876 2978 941 3016 cum
954 2964 971 3016 9
985 2960 1114 3014 terminis
1127 2960 1195 3015 Tho.
1210 2960 1340 3015 Feriman

341 3043 510 3100 Conceditur
522 3051 554 3100 21
568 3046 697 3102 anuarii
710 3065 785 3101 anno
799 3051 867 3102 loos
877 3047 1032 3102 secundum
1041 3051 1207 3117 computum
1216 3047 1330 3102 ecclesie
1339 3047 1494 3118 Anglicans

411 3132 524 3188 Olivero
536 3133 645 3206 Philips
657 3140 689 3189 vt
701 3135 780 3205 xijam
793 3136 907 3190 termini
920 3137 949 3189 in
962 3135 1067 3206 quibus
1076 3135 1210 3188 lectiones
1220 3135 1375 3189 ordinarius
1384 3135 1494 3189 audivit

411 3219 477 3275 licet
493 3238 550 3275 non
566 3223 681 3276 omnino
697 3222 853 3277 secundum
870 3223 988 3277 formam
1007 3222 1112 3277 statuti
1128 3240 1192 3276 cum
1211 3221 1436 3292 oppositionibus
1453 3240 1494 3276 re·

412 3308 611 3379 sponsionibus
623 3315 653 3363 et
668 3309 732 3364 aliis
749 3309 890 3364 exercitiis
906 3327 956 3380 per
972 3313 1082 3364 statuta
1099 3310 1243 3380 requisitis
1259 3310 1401 3363 sufficiant
1417 3310 1442 3364 01
1458 3309 1493 3363 sd

411 3395 638 3466 respondendum
650 3395 791 3466 questioni

341 3483 447 3539 Eadem
459 3484 550 3554 gratia
561 3483 724 3539 conceditur
735 3483 832 3538 eodem
844 3485 861 3538 J
864 3501 888 3538 ο.
898 3484 1088 3538 Wsterhowso
1097 3483 1144 3538 W⁰
1156 3482 1262 3538 Gerard
1276 3484 1347 3537 Hen.
1360 3483 1493 3554 Wylkyn-

411 3589 462 3627 son
485 3571 530 3627 J0.
556 3572 654 3627 Portsr
677 3571 777 3642 Egidio
801 3572 979 3644 Wyggynton
1005 3571 1082 3627 Edu.
1109 3573 1229 3643 Lyveley
1254 3571 1373 3626 Ricardo
1402 3571 1493 3642 Byrdc

412 3660 536 3715 Martino
558 3659 664 3716 Nelson
686 3661 753 3715 Tho.
779 3660 889 3715 Adams
913 3661 982 3715 Tho.
1009 3661 1105 3715 Scotto
1130 3660 1236 3713 Arturo
1261 3659 1346 3712 che
1370 3659 1493 3713 Jobanni

412 3747 529 3802 Hobson
546 3748 614 3804 Tho.
633 3748 815 3818 Skevyngton
833 3747 905 3802 Hen.
925 3749 1034 3802 Bennet
1050 3747 1119 3804 Tho.
1138 3749 1278 3803 Patouson
1296 3747 1364 3801 Rob.
1383 3748 1494 3818 Wrigbt

411 3852 476 3889 cum
489 3835 611 3890 termino
623 3837 653 3890 in
665 3853 721 3906 quo

340 3921 448 3978 Eadem
462 3923 554 3994 gratia
568 3922 731 3977 conceditur
746 3926 780 3976 28
795 3923 923 3977 Jantmrii
942 3922 1078 3977 Nicholao
1099 3922 1198 3976 Foster
1217 3923 1298 3977 Edm.
1322 3923 1427 3993 Swylte
1445 3922 1493 3977 Jo-

411 4011 498 4066 hanni
516 4011 612 4065 Pratte
631 4011 700 4066 Tho.
719 4011 823 4082 Typler
840 4011 959 4066 Ricardo
978 4010 1055 4066 Allet
1076 4011 1119 4065 do.
1139 4011 1240 4082 Modye
1260 4011 1392 4066 Christos.
1416 4011 1494 4065 Dore

411 4101 494 4155 Petro
506 4099 620 4154 Gosnell
637 4099 744 4170 Rogero
756 4100 859 4154 Welles
876 4100 952 4154 Edw.
968 4100 1114 4170 Dowghtie
1127 4101 1207 4155 isaac
1220 4100 1311 4171 Vesay
1325 4099 1368 4153 Jo.
1383 4099 1493 4154 Duffeld

411 4187 480 4242 Rob.
500 4185 646 4242 Ooteslord
663 4188 707 4241 Jo.
727 4186 879 4257 Farmarye
897 4186 940 4240 Jo.
961 4186 1097 4242 Msdcalfe
1114 4187 1158 4240 1ο.
1181 4187 1286 4242 Yneton
1307 4187 1375 4242 Rob.
1395 4187 1493 4241 Ebdsn

410 4275 478 4329 Tho.
492 4274 520 4328 N
521 4274 598 4328 elson
610 4273 629 4329 J
630 4291 654 4330 o.
668 4273 782 4328 Welche
795 4273 864 4327 Rob.
879 4274 1031 4344 Atkynson
1046 4273 1189 4328 Harbarto
1202 4273 1361 4328 Blanchard
1374 4273 1494 4327 Ricardo

408 4361 552 4432 'l'opclyffe
580 4363 660 4418 Geor.
692 4361 786 4416 lewes
815 4361 955 4416 Willelmo
986 4363 1127 4417 Laurence
1158 4363 1276 4417 Ricardo
1304 4361 1424 4433 Spcnlsy
1448 4362 1491 4417 Jo.
