3344 5110
344 325 384 394 56
776 336 890 392 duros
913 337 1006 392 noos
1029 340 1051 392 u
1332 321 1498 410 [1548-49

412 497 636 570 oppositionibus
648 502 679 553 et
690 498 918 570 responsionibus
930 498 1075 570 requisitis
1086 497 1229 554 sufficient
1241 496 1266 552 ei
1280 495 1315 551 sd
1330 493 1498 567 responden·

412 586 481 640 dum
499 587 640 657 questioni
677 586 723 641 Its
739 585 815 657 quod
833 587 894 643 eius
911 587 1033 642 eruditio
1050 591 1079 642 et
1098 603 1190 642 mores
1207 583 1399 658 approbentur
1416 581 1499 638 bodie

413 691 464 745 per
480 675 654 746 oppositores
672 680 780 732 vestros

344 763 419 819 Item
436 763 599 820 coneeditur
613 765 751 821 Gulielmo
769 765 876 838 Morley
893 771 925 820 vt
943 783 1044 821 novem
1063 764 1178 820 termIni
1196 765 1226 818 in
1245 761 1348 833 quibus
1366 761 1499 818 lectiones

412 853 567 908 ordinarius
579 853 689 910 audiuit
703 873 752 926 per
764 855 898 910 maiorem
912 861 1022 926 partem
1035 855 1065 909 in
1077 858 1139 910 2020
1150 871 1215 909 oum
1228 849 1453 924 oppositionibus
1470 854 1500 904 et

412 942 638 1012 responsionibus
650 943 793 1015 requisitis
805 943 947 1000 sufficient
958 943 984 998 ei
997 943 1033 998 sd
1045 941 1271 1014 respondendum
1283 939 1426 1011 questioni

344 1029 450 1085 Eadem
462 1030 554 1101 gretie
566 1031 730 1088 conoeditur
743 1031 885 1088 Leonerdo
899 1031 1006 1087 Blande
1020 1030 1054 1086 de
1067 1030 1151 1086 verbo
1164 1031 1193 1085 in
1206 1027 1322 1085 verbum

345 1116 419 1172 Item
434 1117 596 1172 eonoeditur
607 1117 633 1174 J.
648 1118 762 1190 Derkyn
776 1123 808 1174 vt
820 1117 946 1174 studium
965 1122 982 1172 8
999 1135 1136 1173 annorum
1154 1117 1183 1172 in
1201 1115 1284 1172 rebus
1300 1113 1454 1170 dialecticis
1470 1119 1501 1168 et

416 1204 505 1260 literis
521 1205 736 1262 humanioribus
753 1207 782 1262 in
795 1206 925 1278 pertibus
937 1206 1135 1262 transmarinis
1147 1205 1290 1262 sufficient
1302 1205 1328 1259 ei
1341 1207 1373 1259 vt
1384 1204 1423 1258 sit
1434 1207 1499 1258 ectu

415 1292 634 1349 booobsleureus
658 1295 687 1349 in
712 1293 822 1350 artibus
863 1294 909 1350 Itu
933 1294 1008 1366 quod
1032 1295 1093 1349 eius
1117 1293 1241 1348 erudioio
1261 1296 1291 1347 et
1311 1309 1403 1347 mores
1422 1283 1509 1362 prius¹

414 1381 610 1437 examinentur
621 1387 651 1438 et
663 1381 856 1454 approbentur
867 1399 918 1454 per
929 1381 1080 1454 magistros
1092 1380 1185 1454 Byrde
1197 1387 1227 1436 et
1240 1379 1366 1436 Bnrnerd

347 1554 419 1610 Item
441 1555 605 1611 coneeditur
625 1555 767 1612 WilleImo
792 1557 909 1628 Postgst
933 1560 965 1612 vt
990 1560 1024 1612 12
1048 1555 1163 1612 termini
1184 1556 1213 1612 in
1240 1554 1343 1626 quibus
1367 1554 1500 1610 lectiones

415 1643 571 1699 ordinaries
588 1644 700 1701 audiuit
716 1643 782 1700 lieet
799 1662 855 1699 uon
874 1644 989 1700 omnino
1007 1643 1161 1698 seeundum
1178 1643 1298 1698 formem
1313 1643 1416 1698 statuti
1434 1661 1499 1698 oum

415 1730 640 1802 oppositionibus
658 1737 688 1787 et
706 1731 935 1804 responsionibus
956 1731 1100 1803 requisitis
1122 1731 1264 1787 sufficient
1285 1731 1310 1786 ei
1332 1730 1369 1786 od
1387 1749 1499 1803 respon-

415 1816 539 1874 dendum
550 1819 693 1889 questioni
731 1817 777 1874 Ite
788 1820 864 1890 quod
876 1820 937 1875 eius
949 1819 1070 1875 eruditio
1087 1822 1117 1874 et
1134 1835 1225 1874 mores
1241 1817 1434 1890 approbentur
1450 1837 1501 1891 per

415 1907 589 1978 oppositores
607 1914 716 1963 vestros
733 1906 817 1963 hodie

345 1994 451 2050 Eadem
463 1997 554 2067 gratis
564 1995 600 2052 de
612 1996 696 2052 verbo
708 1997 738 2051 in
750 1995 866 2054 verbum
878 1996 1041 2052 oonoeditur
1052 1995 1160 2052 Tbome
1171 1996 1280 2052 Streete

346 2082 418 2137 Item
440 2082 602 2138 coneedItur
622 2083 770 2138 Frsnoiseo
791 2084 932 2140 Awliorde
950 2088 982 2138 vt
1004 2087 1037 2138 12
1059 2084 1173 2139 termini
1193 2083 1222 2138 in
1243 2082 1347 2154 quibus
1367 2084 1501 2139 lectiones

414 2169 569 2226 ordinaries
586 2170 698 2227 audiuit
715 2171 781 2227 lieet
799 2191 855 2228 uon
874 2172 988 2228 omnino
1007 2171 1160 2226 seeundum
1179 2172 1298 2228 formem
1316 2173 1418 2228 statuti
1435 2190 1500 2228 oum

414 2257 637 2330 oppositionibus
654 2265 684 2316 et
705 2261 931 2332 responsionibus
953 2261 1097 2332 requisitis
1116 2260 1258 2316 sufficient
1279 2261 1303 2315 ei
1323 2260 1359 2315 ed
1380 2260 1502 2315 finaliter

414 2346 659 2403 determinandum
676 2365 741 2403 oum
758 2349 857 2404 ueteris
872 2348 1067 2420 questionistis
1083 2349 1168 2403 huius
1184 2349 1251 2404 enni
1289 2348 1335 2403 Its
1350 2347 1425 2419 quod
1440 2349 1502 2404 eius

415 2434 537 2490 eruditio
548 2439 578 2490 et
594 2453 684 2491 mores
697 2429 893 2492 examinentur
903 2443 933 2492 et
945 2435 1137 2509 approbentur
1147 2455 1197 2508 per
1209 2437 1382 2508 oppositores
1394 2441 1501 2492 vestros

415 2529 445 2578 et
456 2528 514 2579 stet
525 2525 555 2579 in
568 2524 670 2580 scholis
682 2542 746 2580 eum
759 2526 859 2581 ueteris
870 2524 1137 2581 determinatoribus

347 2610 421 2665 Item
445 2610 607 2666 oonoeditur
630 2611 737 2667 Thomu
762 2611 920 2684 Lethbsrye
941 2617 973 2668 vt
999 2617 1031 2668 12
1053 2613 1166 2668 temrini
1190 2613 1323 2684 completi
1347 2611 1501 2684 inquibus

417 2699 549 2754 lectiones
558 2699 712 2754 ordinarius
721 2700 831 2756 sudiuit
840 2700 906 2755 lieet
915 2719 971 2756 non
981 2702 1095 2756 omnino
1103 2700 1258 2756 seeundum
1271 2701 1390 2756 formem
1399 2701 1501 2756 statuti

417 2804 481 2842 cum
490 2787 713 2858 oppositionibus
721 2792 751 2843 et
759 2786 987 2859 responsionibus
996 2788 1139 2860 requisitis
1150 2787 1292 2844 sufficient
1303 2789 1329 2843 ei
1341 2787 1377 2843 sd
1390 2805 1501 2860 respon·

416 2871 541 2928 dendum
552 2874 693 2944 questioni

348 2961 453 3016 Eadem
465 2961 556 3032 gretie
567 2960 602 3017 de
611 2961 695 3017 verbo
708 2962 737 3017 in
745 2961 863 3018 verbum
875 2962 1037 3018 eoneeditur
1045 2961 1193 3018 Edovsrdo
1203 2961 1315 3018 Lsielde
1327 2968 1357 3018 et
1365 2962 1502 3020 cutberto

417 3048 579 3119 'I'hompson

348 3136 422 3193 Item
434 3135 597 3192 oonoedItur
614 3136 718 3192 Joenni
737 3135 889 3209 Robynson
901 3141 933 3194 vt
949 3143 1057 3208 septem
1073 3137 1186 3192 termini
1204 3137 1233 3192 in
1250 3137 1353 3208 quibus
1370 3140 1503 3196 lootIonee

417 3223 572 3281 ordinaries
596 3224 707 3280 audiuit
727 3243 792 3280 eum
813 3224 1037 3298 oppositionibus
1057 3230 1087 3281 et
1111 3225 1337 3297 responsionibus
1360 3228 1504 3299 requisitis

417 3311 571 3368 seeundum
590 3313 709 3368 formum
728 3313 830 3370 ste-tuti
848 3313 989 3368 sufficiunt
1006 3315 1031 3369 ei
1050 3314 1086 3370 ed
1104 3314 1328 3385 respondendum
1344 3316 1485 3385 questioni

349 3404 422 3458 Item
438 3401 600 3457 oonoedItur
618 3401 750 3472 Gregorio
763 3402 869 3457 Gnrthe
885 3407 917 3456 vt
934 3406 967 3457 12
983 3402 1097 3457 termini
1116 3403 1145 3456 in
1161 3400 1265 3474 quibus
1282 3402 1414 3459 lectiones
1430 3404 1502 3459 ordi-

418 3492 512 3548 nanss
532 3491 642 3547 audiuit
663 3509 712 3562 per
733 3493 867 3547 maiorem
889 3497 999 3565 portem
1018 3491 1048 3547 iu
1070 3495 1132 3547 toto
1150 3509 1215 3547 oum
1233 3493 1456 3564 oppositionibus
1474 3498 1504 3549 et

419 3577 645 3651 responsionibus
657 3579 801 3651 requisitis
811 3579 953 3635 sufficient
963 3579 989 3634 ei
1001 3579 1037 3635 ed
1050 3579 1171 3636 finaliter
1182 3579 1426 3635 determinandum
1438 3598 1504 3636 oum

418 3667 518 3723 ueteris
539 3667 746 3724 bsoeheloureis
766 3668 850 3724 istius
869 3668 936 3724 enni
973 3669 1021 3724 Its
1040 3668 1116 3740 quod
1137 3669 1197 3724 eius
1220 3668 1341 3724 eruditio
1362 3674 1392 3724 et
1411 3686 1504 3724 mores

418 3754 614 3809 emminentur
624 3758 654 3810 et
667 3755 859 3827 approbentur
874 3773 924 3828 per
935 3756 1108 3828 opposItores
1120 3761 1228 3812 vestros
1238 3762 1268 3811 et
1280 3761 1337 3812 stet
1354 3757 1383 3812 in
1399 3757 1503 3812 sobolis

417 3859 482 3896 curn
495 3843 594 3897 esteris
605 3842 872 3899 determinuton'bus

353 3929 586 3986 Determinetores
597 3931 704 4002 ooIlegii
718 3931 828 4004 Regalis
840 3932 893 3988 hoc
904 3949 979 3988 enno
990 3933 1098 3988 domini
1111 3932 1254 3988 Threlkell
1267 3932 1367 3988 Stobos
1378 3937 1408 3987 ot
1423 3933 1451 3988 N
1451 3933 1505 3988 oke
