3394 5114
771 365 885 414 11111
908 366 999 414 noca
1023 365 1045 412 a
1327 349 1498 436 [1567-68

408 525 532 580 Jackson
552 524 621 580 Rob.
641 524 752 579 Sendeil
771 524 840 578 Tho.
860 523 974 578 Sowthe
992 523 1036 577 Jo.
1054 523 1130 595 Amy
1146 525 1190 578 Jo.
1209 523 1285 578 Gent
1304 522 1372 578 Rob.
1391 523 1499 577 Boothe

408 611 456 666 W⁰
469 611 604 682 Calthrop
618 609 686 666 Rob.
700 610 874 664 Richardsou
887 609 957 663 Tho.
969 609 1056 664 Putto
1069 610 1126 664 Ric.
1143 609 1267 664 Barnard
1277 609 1325 663 W⁰
1334 609 1498 664 Whitacker

409 698 457 752 W⁰
469 697 622 769 Barwycko
631 696 700 752 Rod.
714 697 787 751 Aion
801 696 909 752 Comei.
919 695 1044 750 Whellcs
1054 695 1154 751 Carolo
1164 696 1307 768 Radclyffe
1316 695 1364 750 W⁰
1373 696 1496 750 Chestou

409 785 489 841 Geor.
504 785 558 840 Lee
571 784 692 839 Ricardo
705 784 854 839 Ρ111111111
867 784 1044 855 Hopkyneon
1057 783 1178 838 Eusebio
1192 785 1277 855 Paget
1290 785 1368 838 Geor.
1384 783 1497 854 Dyken·

409 891 460 928 son
479 874 551 928 Heu.
571 873 664 928 Ccoke
680 877 710 928 et
726 891 790 927 cum
808 877 839 927 11
858 873 988 927 terminis
1003 873 1079 928 Jaco.
1095 873 1184 944 Rylyc
1196 873 1239 928 Jo.
1253 872 1363 926 Ardren
1378 871 1497 926 Ricardo

411 959 560 1030 Hodgeson
576 959 645 1014 Tho.
660 959 822 1031 Pylkynton
840 957 909 1013 Rob.
927 958 1056 1013 Churche
1073 959 1210 1014 Nicholao
1226 958 1380 1029 Bauidwyn
1398 959 1494 1012 Franc

410 1047 502 1101 Perlet
517 1047 654 1102 Nicholao
671 1045 762 1101 Staull
776 1043 844 1100 Rob.
860 1045 997 1100 Harrison
1011 1047 1083 1102 Gali.
1098 1047 1187 1101 Lorde
1202 1047 1269 1100 Rob.
1285 1045 1351 1100 Hall
1366 1045 1495 1100 Michaeli

410 1135 526 1190 Warton
544 1136 696 1190 Laurentio
714 1134 874 1189 Chaderton
920 1135 959 1188 Et
976 1153 1039 1190 cum
1059 1139 1090 1189 11
1109 1137 1239 1190 terminis
1255 1153 1320 1190 cum
1333 1135 1453 1188 termino
1465 1135 1494 1188 in

410 1240 467 1293 quo
484 1223 527 1277 Jo.
546 1223 605 1277 Bell
623 1223 667 1278 Jo.
685 1221 822 1277 Newland
857 1221 896 1275 Et
914 1239 977 1276 cum
998 1226 1032 1276 10
1050 1223 1178 1276 terminis
1196 1223 1315 1277 Ricardo
1335 1221 1449 1292 Kyrbye
1467 1226 1497 1276 et

410 1327 475 1364 cum
490 1315 524 1364 10
535 1310 665 1364 terminis
677 1328 742 1365 cum
754 1309 876 1364 termino
888 1309 917 1362 in
930 1327 986 1379 quo
998 1309 1080 1364 Edm.
1094 1310 1173 1363 Price

340 1396 509 1451 Conceditur
526 1401 560 1451 13
577 1397 706 1452 Januarii
723 1398 767 1452 Jo.
782 1396 966 1466 Longeworth
983 1400 1015 1450 vt
1031 1400 1048 1450 8
1065 1397 1180 1450 termini
1197 1395 1226 1450 in
1242 1395 1295 1449 hac
1309 1395 1451 1450 academia
1466 1395 1495 1448 in

410 1485 514 1555 quibus
526 1485 659 1540 lectiones
671 1485 827 1541 ordinarias
839 1489 883 1539 etc
893 1489 921 1538 ct
931 1484 1071 1556 reliquum
1081 1491 1195 1555 tempus
1204 1501 1260 1554 quo
1270 1483 1376 1538 Oxonic
1385 1482 1496 1538 studuit

410 1591 476 1628 cum
488 1574 714 1645 oppositionibus
726 1579 771 1629 111
782 1573 924 1628 sufficiant
936 1573 962 1626 ei
975 1572 1011 1627 ad
1024 1572 1249 1643 respondendum
1263 1573 1403 1642 questioni

340 1659 511 1715 Conceditur
524 1663 557 1714 13
570 1659 714 1714 Februarii
728 1659 853 1714 Samueli
871 1657 958 1712 Hales
972 1664 1005 1712 vt
1023 1663 1056 1712 11
1072 1659 1187 1713 termini
1204 1659 1234 1712 in
1250 1657 1353 1728 quibus
1370 1661 1415 1711 etc
1430 1671 1496 1710 cum

411 1746 636 1818 oppositionibus
648 1752 693 1803 etc
706 1747 848 1802 sufficiant
861 1747 887 1801 ei
900 1746 936 1802 11
949 1747 1174 1818 respondendum
1188 1747 1328 1817 questioni

340 1833 448 1888 Eadem
467 1835 558 1905 gratia
579 1834 743 1890 conceditur
761 1834 860 1889 eodem
880 1833 1003 1888 Roberto
1023 1833 1187 1905 Wyddoson
1209 1833 1328 1888 Ricardo
1350 1831 1498 1887 Osbourno

410 1921 491 1976 Nich.
503 1920 622 1992 Wydley
634 1921 734 1976 Carolo
747 1921 823 1975 Dent
834 1922 852 1975 J
854 1938 877 1976 o.
892 1921 951 1975 Fox
964 1920 1014 1976 Ed.
1030 1920 1148 1975 Rolston
1161 1921 1229 1975 Tho.
1241 1919 1352 1990 Wright
1365 1919 1496 1973 Michaeli

358 2057 362 2064 .
411 2008 533 2080 Haydon
551 2009 630 2064 Geor.
645 2009 718 2063 Wall
735 2010 778 2064 Jo.
792 2008 929 2079 Campion
942 2009 991 2063 W⁰
1003 2010 1079 2079 Tyeo
1115 2009 1235 2063 Etcum
1254 2013 1284 2062 ll
1303 2007 1433 2061 terminis
1447 2006 1497 2060 W⁰

410 2097 607 2168 Goldyngham
651 2098 691 2152 Et
711 2115 776 2152 cum
799 2101 829 2150 11
855 2097 986 2152 terminis
1010 2115 1074 2152 cum
1098 2101 1226 2168 tempore
1251 2097 1280 2150 in
1304 2114 1361 2167 quo
1385 2096 1497 2150 studuit

409 2185 515 2241 Oxonie
532 2187 561 2240 in
577 2186 682 2258 quibus
697 2193 742 2240 etc
761 2185 880 2240 Ricardo
893 2186 1052 2256 Bawldwyn
1091 2186 1137 2240 Ita
1148 2191 1244 2239 tamen
1259 2189 1290 2237 vt
1302 2185 1362 2238 cius
1375 2184 1496 2239 eruditio

410 2271 581 2342 approbetur
593 2271 630 2326 ab
641 2271 880 2326 examinatoribus
892 2277 960 2326 ante
971 2271 1032 2326 eius
1044 2271 1243 2325 admissionem

341 2357 447 2413 Eadem
462 2359 554 2429 gratia
571 2360 734 2414 conceditur
751 2361 785 2416 17
802 2359 946 2414 Februarii
962 2376 1027 2413 cum
1047 2363 1077 2412 11
1095 2359 1226 2413 terminis
1242 2357 1290 2410 W⁰
1307 2358 1454 2428 Morganes
1466 2362 1497 2412 et

410 2464 474 2501 cum
489 2452 522 2502 10
534 2449 663 2502 terminis
676 2449 748 2502 Heu.
763 2447 865 2502 Glovcr
878 2447 965 2502 Paulo
977 2448 1064 2503 Cotcr

341 2535 447 2589 Eadem
458 2536 549 2605 gratia
561 2537 723 2592 conceditur
735 2540 769 2590 16
784 2537 879 2591 Martii
892 2553 957 2590 cum
972 2540 1004 2589 11
1018 2536 1146 2590 terminis
1159 2535 1206 2588 W⁰
1218 2535 1326 2588 Boothe

341 2622 510 2677 Conceditur
522 2628 557 2678 13
569 2625 697 2679 Januarii
709 2625 838 2695 Philippo
848 2624 985 2695 Stryngar
997 2627 1029 2677 vt
1043 2627 1073 2677 11
1088 2623 1203 2677 termini
1216 2623 1245 2676 in
1258 2622 1361 2692 quibus
1374 2626 1418 2677 etc
1430 2639 1495 2677 cum

411 2711 634 2782 oppositionibus
646 2716 692 2766 etc
702 2711 844 2766 sufficiant
856 2711 881 2766 ei
895 2711 931 2765 ad
943 2709 1169 2782 respondendum
1183 2710 1324 2780 questioni

342 2797 447 2853 Eadem
463 2800 553 2868 gratia
569 2799 731 2854 conceditur
746 2798 844 2853 eodem
860 2799 903 2854 Jo.
922 2799 980 2853 For
997 2800 1045 2852 W⁰
1061 2798 1168 2853 Adams
1183 2799 1227 2853 Jo.
1242 2798 1359 2852 Lawson
1376 2797 1495 2852 Lauren.

411 2885 499 2940 Yates
511 2893 540 2942 11
551 2888 595 2942 Jo.
610 2887 728 2958 Smythe

341 2973 511 3028 Conceditur
522 2977 556 3030 17
569 2973 713 3029 Februarii
726 2975 769 3029 Jo.
784 2975 895 3028 Penven
909 2977 940 3028 vt
953 2978 970 3029 9
982 2975 1096 3029 termini
1109 2975 1138 3029 in
1152 2975 1208 3029 ista
1219 2973 1362 3028 academia
1377 2977 1408 3027 et
1423 2991 1497 3027 unus

411 3081 503 3117 annus
519 3063 548 3117 in
565 3063 764 3118 transmarinis
780 3062 909 3134 partibus
925 3064 955 3116 in
971 3062 1075 3133 quibus
1091 3063 1224 3118 lectiones
1240 3067 1285 3116 etc
1303 3079 1368 3116 cum
1386 3063 1497 3132 opposi-

411 3149 536 3204 tionibus
548 3156 593 3204 ete
605 3151 747 3205 sufficiant
759 3149 784 3204 ei
797 3149 833 3204 11
846 3149 1070 3220 respondendum
1083 3150 1224 3220 questioni

341 3239 413 3295 Cum
433 3239 490 3294 hiis
511 3239 771 3295 determinauerunt
791 3257 825 3293 ex
846 3239 960 3309 collegio
982 3239 1068 3310 Regio
1089 3241 1138 3309 qui
1160 3238 1267 3292 nullam
1291 3237 1328 3291 ab
1352 3236 1496 3291 academia

410 3331 513 3397 petunt
528 3327 648 3397 gratiam
664 3326 713 3382 sed
730 3325 842 3397 publica
859 3326 966 3397 collegii
983 3326 1037 3380 fide
1054 3329 1166 3382 tantum
1184 3329 1383 3396 presentantur
1400 3329 1429 3377 et
1447 3322 1496 3378 ad-

410 3414 568 3470 mittuntur
583 3414 659 3469 Edu.
673 3415 791 3485 Jermyn
809 3415 880 3484 Aug.
896 3414 976 3485 Dyke
990 3413 1058 3468 Rob.
1072 3413 1180 3484 Draper
1192 3412 1235 3469 Jo.
1250 3412 1384 3466 Dawnser
1396 3410 1496 3466 Bauld.

411 3502 430 3556 J
431 3519 519 3556 oneon
532 3501 614 3555 Nich.
628 3501 778 3556 Edwardes
792 3501 833 3556 W.
848 3501 965 3555 Mouute

341 3589 511 3646 Conceditur
521 3594 554 3644 11
564 3589 765 3644 Decembrisvt
775 3589 960 3660 questioniste
969 3587 1157 3659 respondeant
1166 3587 1308 3657 questioni
1317 3587 1496 3657 postfestum

410 3676 613 3748 purificationis
625 3675 707 3730 11111
720 3676 809 3730 Marie
821 3693 877 3730 non
889 3675 1020 3730 obstante
1032 3679 1143 3729 statuto

341 3765 511 3821 Conceditur
522 3769 556 3819 13
568 3765 697 3819 ianuarii
710 3770 742 3818 vt
754 3765 881 3834 magistri
895 3763 976 3835 Rylie
987 3770 1017 3818 et
1030 3764 1125 3818 Bucke
1139 3764 1199 3818 sint
1217 3767 1311 3818 vestra
1327 3761 1497 3816 auctoritate

408 3852 517 3924 judices
529 3858 558 3906 11
570 3853 774 3906 examinatores
786 3852 1036 3924 questionistarum
1049 3851 1134 3908 huius
1146 3850 1213 3907 anai
