3376 5108
780 331 892 382 enses
916 335 1007 382 soor<
1032 333 1054 380 Δ
1326 318 1491 403 [1551-52

704 749 936 815 Beochsleurei
960 747 1124 836 theologie

335 920 369 975 In
382 919 481 991 primis
493 918 655 975 conceditur
667 919 802 990 magistro
816 918 925 991 Korlyll
938 921 970 973 vt
986 917 1114 974 studium
1128 920 1143 974 7
1156 935 1294 975 sonorum
1312 919 1340 973 in
1354 917 1492 989 theologia

404 1013 553 1080 postquem
573 1006 675 1063 rexerit
692 1008 721 1063 in
738 1008 848 1064 artibus
866 1025 922 1063 vne
939 1025 1004 1063 curn
1021 1006 1132 1064 duobus
1150 1007 1374 1081 oppositionibus
1391 1014 1420 1063 ot
1437 1026 1493 1062 vnn

404 1097 583 1169 responsione
606 1097 662 1152 ism
686 1095 793 1153 habitis
814 1101 844 1153 et
862 1098 951 1153 altere
970 1097 1150 1169 responsione
1170 1101 1239 1153 ente
1259 1097 1363 1153 festum
1387 1097 1492 1152 Psscbe

403 1184 561 1256 proximum
581 1189 612 1241 et
629 1201 692 1240 cum
711 1183 889 1240 sermonibus
906 1188 936 1240 et
953 1185 1016 1240 eliis
1034 1185 1174 1241 exercitiis
1192 1186 1272 1241 inxts
1289 1190 1400 1241 statute
1417 1185 1492 1256 regis

404 1271 548 1343 requisitis
559 1272 631 1327 citro
643 1273 787 1326 commitis
803 1271 930 1343 proxime
945 1270 1083 1327 habendis
1098 1272 1220 1327 sufficiet
1235 1271 1261 1328 si
1277 1272 1314 1328 sd
1327 1271 1490 1328 intrandum

404 1361 432 1415 in
445 1378 524 1415 sacre
535 1361 676 1431 theologie
687 1361 728 1415 sic
740 1359 816 1431 quod
829 1360 918 1432 possit
930 1360 1045 1415 admitti
1058 1360 1094 1415 sd
1107 1361 1242 1431 plscitum

335 1449 408 1504 Item
420 1447 581 1503 conceditur
593 1448 727 1520 magistro
741 1448 831 1520 styr
842 1451 875 1502 vt
888 1447 1015 1503 studium
1028 1451 1045 1504 6
1062 1465 1200 1504 annorum
1217 1448 1247 1503 in
1260 1448 1399 1520 theologis
1414 1453 1490 1520 post-

404 1553 489 1607 quam
505 1537 608 1592 rexerit
624 1537 654 1591 in
670 1535 780 1592 artibus
797 1553 852 1590 vna
868 1553 933 1590 cum
950 1535 1127 1591 sermonibus
1142 1536 1369 1608 responsionibus
1384 1544 1413 1592 et
1428 1536 1492 1592 eliis

403 1625 543 1681 exercitiis
564 1642 613 1697 per
632 1624 708 1696 regis
725 1629 836 1680 statute
852 1624 997 1696 requisitis
1016 1625 1073 1680 ism
1092 1624 1197 1681 habitis
1214 1631 1244 1680 et
1263 1625 1400 1680 habendis
1419 1626 1491 1681 citra

403 1713 548 1768 commitis
565 1713 691 1784 proxime
707 1713 829 1769 sufficiet
844 1713 870 1768 ei
888 1712 924 1769 sd
943 1713 1108 1768 intrandum
1125 1713 1156 1769 in
1173 1731 1252 1768 secra
1269 1713 1408 1784 theologie
1445 1714 1491 1769 Ite

403 1802 479 1873 quod
491 1801 581 1874 possit
591 1802 705 1858 admitti
717 1803 754 1858 ed
765 1801 902 1874 placitum

335 1892 408 1946 Item
421 1891 584 1947 conceditur
599 1892 706 1947 Thonis
722 1891 838 1963 Wylson
855 1891 961 1962 collegii
979 1891 1129 1946 Trinitatis
1141 1895 1173 1946 vt
1184 1890 1311 1946 studium
1324 1894 1339 1948 7
1352 1909 1490 1946 annorum

404 1979 433 2033 in
449 1978 588 2050 theologie
604 1984 754 2050 postquem
772 1979 875 2034 rexerit
886 1977 915 2033 in
932 1977 1042 2033 ortibus
1058 1997 1114 2033 vns
1130 1996 1194 2034 cum
1211 1979 1434 2050 oppositionibus
1450 1997 1492 2035 ne·

403 2066 602 2137 sponsionibus
625 2071 655 2121 et
678 2065 859 2124 concionibus
883 2083 933 2137 per
956 2065 1031 2136 regis
1058 2070 1167 2122 statute
1194 2065 1337 2137 requisitis
1363 2085 1397 2122 sc
1420 2068 1492 2122 citra

404 2153 548 2208 commitis
572 2153 699 2224 proxime
722 2153 898 2224 perficiendis
921 2153 1043 2208 sufficiet
1062 2154 1088 2208 ei
1112 2154 1149 2209 ed
1172 2153 1334 2209 intrandum
1360 2154 1387 2208 in
1412 2172 1493 2210 sacre

404 2241 543 2312 theologis
579 2241 626 2296 Its
643 2241 718 2311 quod
736 2241 826 2312 possit
844 2241 957 2296 sdmitti
976 2241 1011 2296 sd
1030 2241 1166 2313 placitum

335 2329 408 2385 Item
421 2328 582 2384 conceditur
594 2334 627 2384 vt
638 2328 769 2384 exercitis
785 2346 841 2401 que
857 2329 914 2383 iarn
931 2333 1084 2400 supersunt
1100 2327 1190 2384 eidem
1207 2330 1317 2384 recione
1328 2329 1430 2401 gradus
1446 2329 1490 2386 sui

403 2417 507 2474 differri
521 2418 631 2489 possint
643 2417 672 2472 in
684 2418 843 2488 proximum
856 2435 962 2472 annum
975 2417 1108 2487 quonism
1121 2417 1192 2472 citra
1206 2417 1333 2488 proxime
1347 2417 1492 2472 commitis

404 2505 464 2561 sine
476 2506 599 2560 maximo
610 2523 661 2560 suo
673 2503 848 2560 incommodo
860 2504 957 2559 adesso
969 2522 1026 2559 non
1038 2509 1131 2576 potest

210 2591 229 2652 f.
248 2593 286 2651 32
301 2593 321 2650 b
335 2597 409 2651 Item
428 2593 590 2650 conceditur
610 2594 744 2664 magistro
768 2593 874 2664 Copiey
896 2597 928 2647 vt
951 2592 1079 2648 studium
1101 2595 1116 2650 7
1141 2610 1277 2648 annorum
1302 2593 1331 2646 in
1353 2591 1491 2664 theologie

404 2687 553 2755 postquem
572 2681 674 2736 rexerit
692 2681 722 2735 in
740 2680 849 2736 artibus
866 2698 922 2735 vne
938 2697 1003 2736 cum
1020 2680 1196 2735 sermonibus
1211 2679 1434 2751 oppositionibus
1451 2697 1491 2736 re·

403 2769 600 2842 sponsionibus
624 2774 654 2824 et
672 2769 735 2824 eliis
756 2769 896 2825 exercitiis
915 2785 965 2840 per
985 2768 1058 2839 regis
1077 2771 1188 2822 statute
1209 2767 1352 2838 requisitis
1369 2773 1399 2823 et
1416 2785 1490 2823 enno

404 2859 530 2931 proximo
554 2857 608 2913 sub
631 2875 705 2930 pens
728 2858 869 2912 censionis
893 2857 976 2912 realis
1000 2855 1048 2929 iij¹¹
1072 2855 1199 2928 ponende
1223 2855 1405 2912 inmanibus
1428 2874 1489 2927 pro·

403 2951 563 3002 sonorum
581 2951 733 3018 antequam
750 2946 921 3002 admittatur
936 2943 1113 3018 perficiendis
1129 2945 1250 3001 sufficiet
1261 2946 1286 3000 ei
1302 2945 1337 3001 sd
1350 2963 1490 3018 opponen-

403 3035 471 3091 dum
483 3040 513 3090 et
525 3033 689 3090 intrandum
701 3035 730 3090 in
743 3052 822 3090 sscrs
834 3034 974 3106 theologis

784 3429 835 3494 De
857 3429 1046 3496 doctoribus

801 3609 842 3675 In
866 3609 1027 3677 medicine

336 3761 370 3815 In
392 3761 501 3831 primus
523 3757 687 3819 conceditur
709 3763 824 3818 domino
845 3763 974 3834 Lsngton
993 3769 1024 3819 vt
1045 3764 1172 3822 studium
1195 3773 1226 3822 et
1248 3769 1371 3840 practice
1391 3787 1492 3826 novem

404 3865 542 3905 annorum
566 3850 595 3905 in
615 3850 754 3906 medicine
772 3851 818 3906 bic
836 3861 866 3908 et
885 3852 1003 3908 londini
1024 3859 1089 3924 post
1108 3853 1225 3924 gradum
1246 3853 1492 3912 becchelerueetus

405 3941 567 4008 susceptum
583 3955 638 3992 vns
654 3955 719 3994 cum
735 3939 887 3994 anatomiis
903 3939 1126 4010 oppositionibus
1142 3941 1369 4012 responsionibus
1382 3947 1412 3999 et
1429 3943 1493 3999 eliis

405 4023 544 4078 exercitiis
562 4041 612 4096 per
629 4029 739 4081 statute
756 4025 832 4097 regis
852 4026 997 4097 requisitis
1014 4027 1135 4084 sufficiet
1152 4028 1179 4084 ei
1196 4028 1232 4084 ed
1251 4029 1440 4102 incipiendum
1461 4031 1490 4087 in

406 4110 504 4167 eedem
522 4111 657 4168 resume
