3376 5108
200 353 365 438 1553-54]
637 367 751 416 onnon
774 367 867 416 soon
890 367 912 415 Δ
1102 377 1111 395 ·
1315 353 1356 417 95

201 524 274 579 Item
295 524 458 580 conceditur
482 525 590 580 Thome
609 524 714 596 Caylye
738 525 798 578 viro
822 525 979 579 constantis
1003 524 1088 579 etatis
1111 528 1141 579 et
1161 522 1278 594 probate
1300 523 1358 578 vite

270 617 302 668 vt
326 619 389 668 octo
413 631 550 669 annorum
570 613 696 668 studium
719 613 747 666 in
772 611 862 666 literis
885 611 1099 666 humanioribus
1119 617 1148 667 et
1168 611 1230 667 aliis
1248 609 1358 667 artibus

271 702 299 755 in
319 700 423 772 quibus
442 701 595 772 plurimum
621 701 738 772 profecit
755 701 877 755 sufficiat
894 701 918 754 ei
938 699 972 754 ad
993 701 1182 771 incipiendum
1202 701 1231 755 in
1249 700 1359 756 artibus

271 791 317 845 Sic
329 797 361 844 vt
373 797 526 860 antequam
543 790 714 844 admittatur
729 795 773 844 ter
791 788 958 860 respondeat
975 789 1058 843 modo
1075 794 1169 845 vestra
1185 789 1358 844 authoritate

271 880 441 935 admittatur
464 878 500 934 ed
524 878 748 950 respondendum
768 879 848 933 iuxta
865 877 984 933 formam
1005 877 1197 933 bacchalaumi
1216 883 1246 933 et
1263 879 1359 934 omnia

271 969 327 1023 alia
350 971 459 1038 prestet
482 968 518 1023 ed
542 985 597 1038 que
621 973 735 1023 tenetur
754 966 971 1022 becchalaureus
995 974 1027 1044 et
1048 967 1140 1021 solvat
1164 967 1260 1021 aerario
1285 985 1357 1022 com-

273 1057 351 1111 muni
371 1075 449 1110 xxxs

201 1145 266 1200 Vna
284 1163 349 1200 cum
371 1144 440 1214 ipsis
462 1145 627 1214 inceperunt
645 1143 680 1198 de
701 1143 815 1214 collegio
837 1143 934 1213 Regali
956 1143 1007 1197 hoc
1028 1159 1102 1197 anno
1123 1141 1253 1198 dominus
1276 1143 1359 1198 Perre

272 1237 301 1286 et
312 1231 443 1286 dominus
456 1231 550 1286 Lewes
563 1229 667 1302 quibus
679 1247 735 1284 non
748 1229 804 1284 fuit
816 1247 947 1286 concessa
955 1229 1128 1300 dispensatio
1138 1245 1189 1284 nec
1201 1228 1257 1284 vlla
1269 1231 1358 1302 petita

272 1318 363 1389 gratia

291 1667 456 1734 Numerus
480 1671 679 1757 Regentium
705 1672 802 1736 huius
825 1673 902 1737 anni
927 1673 1021 1739 iuxta
1042 1673 1265 1738 senioritatem

325 1891 425 1946 ¹Owen
709 1892 835 1947 Hatchet
1077 1893 1190 1965 Clytero

327 1980 443 2036 'Stckes
710 1981 809 2037 Maean
1077 1981 1178 2054 Tayler

344 2068 427 2123 Parre
710 2069 838 2126 Wendon
1019 2071 1061 2126 Mr
1074 2070 1234 2126 Kettleston

344 2155 438 2211 lewes
653 2154 807 2228 M¹Abney
1078 2155 1192 2229 Gybbes

298 2244 430 2315 Mrstyle
712 2244 835 2316 Kyddall
1078 2245 1183 2317 Gaylye

344 2332 530 2403 Etheringtcn
712 2333 834 2405 Hawsop
1079 2332 1171 2388 (tocke

343 2418 474 2476 Wocrme

647 2922 914 3010 Dispensationes

204 3148 240 3203 In
258 3145 358 3219 primis
373 3144 536 3200 conceditur
552 3145 687 3216 inceptori
705 3145 810 3201 Clitero
827 3145 991 3217 vrgeutibus
1007 3146 1127 3216 negociis
1143 3147 1288 3218 prepedito
1303 3165 1360 3219 quo

275 3237 370 3291 minus
381 3235 471 3306 possit
483 3233 580 3290 edesse
592 3234 622 3288 in
634 3235 786 3289 commitiis
799 3240 831 3290 vt
843 3237 939 3289 teneat
955 3234 1043 3289 nihilo
1059 3234 1153 3290 minus
1169 3252 1233 3290 eum
1246 3237 1359 3291 seniori·

275 3325 343 3380 tatis
355 3323 447 3378 locum
460 3321 495 3376 ad
508 3339 592 3392 quem
605 3321 768 3393 designatus
780 3328 841 3376 eret
853 3339 870 3376 a
882 3327 962 3392 patre
974 3321 1182 3376 commitiorum
1194 3322 1240 3378 die

204 3417 280 3470 Item
294 3411 455 3468 conceditur
468 3411 601 3480 magistro
615 3411 712 3466 Foster
725 3411 860 3482 superiori
872 3428 947 3465 anno
962 3409 1084 3464 admisso
1096 3408 1156 3483 [ad]
1168 3411 1358 3483 incipiendum

276 3503 304 3556 in
317 3498 427 3556 artibus
439 3504 471 3553 vt
483 3499 522 3553 sit
534 3499 683 3554 actualiter
694 3501 799 3554 artium
812 3498 952 3570 professor
963 3503 992 3552 et
1001 3497 1118 3552 eandem
1131 3497 1234 3554 habeat
1246 3501 1359 3556 seniori-

277 3593 364 3644 tatem
376 3604 464 3657 quam
476 3587 501 3640 ei
514 3586 729 3657 assignauerunt
741 3591 935 3658 procuratores
948 3585 1023 3640 illius
1035 3585 1102 3639 anni

204 3678 281 3733 Item
294 3675 456 3731 conceditur
468 3674 603 3745 magistro
615 3673 774 3744 Bebington
791 3678 824 3728 vt
835 3691 899 3727 cnm
916 3673 1059 3727 solleniter
1075 3672 1237 3728 cathedram
1250 3691 1306 3729 non
1322 3677 1361 3731 sit

277 3765 418 3836 ingressus
430 3763 476 3818 die
488 3763 696 3818 commitiorum
709 3761 810 3818 absens
826 3768 921 3817 tamen
938 3761 974 3816 ad
992 3779 1075 3816 suum
1089 3762 1181 3816 locum
1199 3761 1361 3834 designatus

275 3873 293 3909 a
303 3851 531 3926 procuratoribus
543 3869 576 3906 eo
588 3851 647 3906 loco
659 3855 717 3906 stet
728 3853 803 3906 inter
816 3869 866 3906 vos
877 3849 913 3906 ed
926 3867 1010 3922 quem
1022 3849 1185 3922 designatus
1197 3855 1241 3906 est

253 4061 262 4093 ¹
283 4061 365 4113 These
376 4075 468 4113 names
478 4075 522 4112 are
533 4061 660 4124 amanged
672 4060 699 4110 in
712 4075 762 4110 one
773 4060 879 4111 column
890 4059 968 4122 along
980 4058 1025 4109 the
1037 4057 1136 4109 bottcm
1149 4057 1178 4108 ol
1189 4055 1232 4108 the
1243 4071 1316 4120 pege.
