3408 5116
207 333 371 419 1575-76]
648 349 761 398 onnon
784 349 877 398 eoos
900 349 922 397 Δ
1298 335 1360 399 295

276 507 375 561 vltimo
388 506 531 562 Februarii
546 506 668 562 Roberto
678 508 767 562 Greoe
776 507 805 561 iu
815 505 926 562 artibus
936 507 1069 576 magistro
1104 509 1122 559 3
1132 505 1228 560 Martii
1240 503 1362 560 Roberto

276 594 404 650 Thecker
423 596 467 650 Jo.
492 596 629 650 Hendson
650 595 692 666 ju.
715 595 746 649 in
771 593 881 649 ortibus
903 593 1047 664 magistris
1083 597 1100 648 6
1122 593 1220 648 Martii
1243 592 1362 648 Ricardo

276 683 403 739 Osborne
414 685 444 738 in
456 684 567 740 ortibus
580 685 714 755 magistro

206 773 244 828 Et
266 778 299 828 25
319 773 387 828 Maii
406 773 486 829 litere
504 774 541 829 ed
559 773 761 844 predicendum
779 776 952 827 renovantur
969 776 999 826 et
1017 770 1211 826 conceduntur
1230 769 1363 840 magistro

278 862 326 916 W⁰
338 863 465 917 Redmen
478 879 556 918 sacre
574 861 714 932 theologie
733 861 934 916 beccheleureo

207 949 377 1004 &inceditur
388 954 422 1004 24
432 949 563 1004 Octobris
575 949 695 1004 Ricardo
709 950 792 1004 Hunt
804 949 834 1002 in
846 947 957 1002 ortibus
968 947 1103 1018 magistro
1115 951 1145 1001 et
1157 964 1247 1018 nuper
1257 946 1363 1018 collegii

276 1043 373 1092 sencte
386 1037 536 1093 Trinitatis
548 1037 725 1108 pensionario
738 1043 770 1091 vt
783 1036 885 1090 hebeat
897 1037 994 1091 literas
1009 1035 1113 1106 gradus
1130 1039 1160 1089 et
1176 1035 1363 1090 conversecic

277 1126 321 1180 nis
333 1144 383 1181 sue
395 1125 533 1196 sigillatas
544 1125 636 1196 sigillo
649 1131 741 1180 vestro
754 1124 897 1178 communi

207 1213 312 1268 Eadem
324 1214 415 1284 gretie
425 1213 588 1270 comeditur
601 1217 632 1268 ll
647 1213 716 1268 Maii
728 1211 864 1282 magistro
878 1209 998 1266 Bicerdc
1010 1211 1094 1265 Some

207 1301 377 1358 Conceditur
394 1307 422 1356 2⁰
438 1301 602 1357 Decembris
617 1319 707 1372 quum
726 1299 818 1355 celum
838 1299 877 1354 sit
896 1297 978 1353 valde
995 1298 1214 1370 intemperatum
1230 1306 1261 1354 et
1277 1299 1364 1370 pestis

276 1390 410 1445 violentie.
422 1390 512 1445 indies
525 1391 614 1461 magis
628 1395 657 1445 et
671 1389 761 1460 magis
775 1391 883 1443 crescet
895 1393 927 1442 vt
941 1387 1080 1442 terminus
1094 1387 1178 1442 hodie
1194 1386 1365 1442 dissolvetur

279 1495 366 1550 voque
374 1478 410 1534 ed
421 1483 453 1534 13
460 1479 535 1534 diem
545 1479 563 1533 J
566 1477 675 1532 enuarii
707 1477 754 1530 ite
761 1482 858 1530 temen
870 1477 903 1529 vt
914 1475 1025 1546 singule
1036 1475 1151 1546 collegia
1161 1474 1239 1530 domi
1251 1493 1364 1530 consue·

278 1571 324 1621 tes
336 1567 552 1622 exerciteoicnes
563 1566 713 1620 observent
725 1581 814 1636 vsque
826 1564 861 1620 ed
878 1565 963 1619 finem
979 1562 1094 1619 termini
1113 1569 1142 1618 et
1156 1563 1365 1636 disputecionee

278 1656 393 1710 interim
406 1655 495 1710 fiendo
507 1654 537 1709 in
549 1653 727 1725 philosophis
739 1670 790 1725 pro
802 1651 908 1707 habitis
923 1656 1091 1708 censeantur
1102 1652 1139 1707 ed
1151 1653 1300 1724 magistros
1315 1653 1365 1725 qui

279 1743 387 1798 interes
403 1743 539 1815 temporis
554 1741 734 1813 disputarent
750 1741 791 1796 sic
807 1745 839 1796 vt
857 1740 973 1797 bedellis
990 1741 1102 1796 solvont
1118 1745 1281 1796 consuetam
1299 1759 1364 1814 pen-

279 1849 387 1887 cionem

210 1919 381 1976 Conceditur
397 1925 413 1974 4
432 1920 501 1974 Meii
519 1923 551 1974 vt
569 1919 702 1989 magister
719 1918 806 1974 Jones
824 1919 959 1990 fungetur
978 1919 1039 1974 vice
1057 1919 1184 1989 magistri
1204 1918 1318 1990 Duffyld
1336 1920 1366 1974 in

280 2008 473 2081 philosophice
493 2008 662 2080 proiectione
680 2008 729 2079 qui
747 2026 812 2063 cum
830 2007 994 2063 necessariis
1016 2007 1138 2077 negociis
1155 2007 1195 2061 sit
1212 2006 1367 2078 impeditus

280 2097 377 2153 edesse
389 2099 512 2168 presenti
526 2097 648 2152 termino
660 2115 716 2152 non
729 2098 820 2169 possit

210 2187 380 2244 Conceditur
394 2191 427 2242 19
439 2187 456 2242 J
459 2187 519 2242 unii
532 2190 565 2241 vt
576 2187 672 2242 concio
683 2187 719 2242 ad
732 2186 836 2242 clerum
849 2187 884 2242 od
897 2203 984 2258 quem
996 2191 1112 2240 tenetur
1128 2186 1261 2258 magister
1278 2188 1368 2242 Luces

280 2277 385 2349 Gilpyu
409 2276 519 2331 ratione
541 2275 645 2346 grados
669 2277 714 2330 sui
738 2276 909 2347 suscipiendi
927 2275 1018 2347 possit
1035 2275 1141 2330 differri
1160 2275 1190 2329 in
1209 2275 1366 2346 proximum

280 2365 433 2420 tenniuum
451 2364 585 2435 quonism
602 2363 680 2434 gravi
697 2362 794 2418 morbo
810 2367 957 2435 correptus
973 2380 1030 2418 non
1046 2367 1224 2434 potestante
1241 2364 1368 2434 proxime

281 2455 469 2510 comitissam
482 2454 613 2525 perficere
629 2453 669 2507 sic
686 2457 719 2508 vt
734 2451 852 2508 eandem
869 2452 1031 2508 concionem
1048 2457 1164 2523 pereget
1180 2455 1247 2507 ente
1263 2453 1367 2508 festum

280 2636 493 2703 procuratorum
506 2634 573 2684 ente
584 2630 646 2684 eius
659 2630 858 2685 admissionem
896 2629 1042 2701 (forisfecit
1055 2631 1153 2701 marp.)

209 2719 380 2775 Conceditur
397 2724 433 2775 30
450 2719 467 2774 J
471 2719 530 2774 unii
549 2723 582 2774 vt
599 2720 799 2775 determinecio
817 2721 853 2775 ed
871 2738 957 2791 qoem
977 2725 1090 2775 tenetur
1114 2719 1247 2790 magister
1270 2719 1369 2774 doctor

281 2807 437 2878 Dorington
450 2807 541 2879 possit
552 2807 658 2862 differri
671 2808 701 2861 in
717 2808 877 2878 proximum
894 2807 1048 2862 terminum
1066 2806 1134 2876 quio
1148 2805 1246 2860 morbo
1260 2823 1367 2878 correp·

282 2899 329 2950 tus
341 2913 397 2950 oon
411 2897 500 2966 possit
512 2895 629 2950 eandem
643 2901 769 2967 tempore
782 2896 925 2965 assignato
937 2897 1068 2966 perficme

211 2985 381 3041 Conceditur
393 2990 410 3039 6
423 2985 492 3040 Julii
507 2986 637 3056 Philippo
650 2986 791 3056 Birgenno
803 2985 965 3055 Bignonneo
983 2987 1015 3037 vt
1029 2982 1125 3038 literas
1140 2981 1244 3037 hebeat
1260 2986 1368 3038 vestre-s

284 3081 376 3130 vestro
392 3075 534 3129 communi
553 3075 644 3145 sigillo
661 3075 797 3144 sigillatas
815 3073 981 3129 eruditionis
996 3071 1100 3127 loboris
1117 3076 1146 3126 et
1164 3071 1302 3126 industrie
1318 3090 1368 3126 sue

283 3163 311 3217 in
325 3162 441 3232 legendo
453 3162 582 3218 hebreice
594 3164 728 3235 privatim
744 3167 773 3218 et
787 3163 898 3235 publice
913 3161 1050 3234 quamdiu
1065 3165 1195 3216 versutus
1212 3161 1299 3215 estin
1316 3161 1368 3215 bec

283 3257 377 3307 vestre
389 3253 533 3308 academie
