<?xml version="1.0" encoding="UTF-8"?>
<!DOCTYPE html PUBLIC "-//W3C//DTD XHTML 1.0 Transitional//EN"
    "http://www.w3.org/TR/xhtml1/DTD/xhtml1-transitional.dtd">
<html xmlns="http://www.w3.org/1999/xhtml" xml:lang="en" lang="en">
 <head>
  <title>
</title>
<meta http-equiv="Content-Type" content="text/html;charset=utf-8" />
  <meta name='ocr-system' content='tesseract 3.04.00' />
  <meta name='ocr-capabilities' content='ocr_page ocr_carea ocr_par ocr_line ocrx_word'/>
</head>
<body>
  <div class='ocr_page' id='page_1' title='image "./gracebookgreekl00venngoog_0092.png"; bbox 0 0 3344 5110; ppageno 0'>
   <div class='ocr_carea' id='block_1_1' title="bbox 200 348 1358 440">
    <p class='ocr_par' dir='ltr' id='par_1_1' title="bbox 200 348 1358 440">
     <span class='ocr_line' id='line_1_1' title="bbox 200 348 1358 440; baseline 0 -20"><span class='ocrx_word' id='word_1_1' title='bbox 200 348 365 440; x_wconf 72' lang='lat' dir='ltr'><strong>less-49]</strong></span> <span class='ocrx_word' id='word_1_2' title='bbox 636 368 750 419; x_wconf 73' lang='lat' dir='ltr'><strong>casce</strong></span> <span class='ocrx_word' id='word_1_3' title='bbox 773 369 865 420; x_wconf 79' lang='lat' dir='ltr'><strong>soon</strong></span> <span class='ocrx_word' id='word_1_4' title='bbox 888 371 911 418; x_wconf 79' lang='lat' dir='ltr'><strong>a</strong></span> <span class='ocrx_word' id='word_1_5' title='bbox 1318 355 1358 420; x_wconf 83' lang='lat'><strong>59</strong></span> 
     </span>
    </p>
   </div>
   <div class='ocr_carea' id='block_1_2' title="bbox 201 525 1359 862">
    <p class='ocr_par' dir='ltr' id='par_1_2' title="bbox 201 525 1359 862">
     <span class='ocr_line' id='line_1_2' title="bbox 201 525 1358 598; baseline 0 -16"><span class='ocrx_word' id='word_1_6' title='bbox 201 527 276 584; x_wconf 82' lang='lat' dir='ltr'><strong>Item</strong></span> <span class='ocrx_word' id='word_1_7' title='bbox 291 526 454 582; x_wconf 76' lang='lat' dir='ltr'><strong>conceditur</strong></span> <span class='ocrx_word' id='word_1_8' title='bbox 470 526 585 582; x_wconf 92' lang='lat' dir='ltr'><strong>domino</strong></span> <span class='ocrx_word' id='word_1_9' title='bbox 602 525 685 597; x_wconf 85' lang='lat' dir='ltr'>Hyde</span> <span class='ocrx_word' id='word_1_10' title='bbox 700 530 733 581; x_wconf 85' lang='lat' dir='ltr'><strong>vt</strong></span> <span class='ocrx_word' id='word_1_11' title='bbox 748 543 797 581; x_wconf 82' lang='lat' dir='ltr'><strong>ser</strong></span> <span class='ocrx_word' id='word_1_12' title='bbox 813 526 927 581; x_wconf 81' lang='lat' dir='ltr'><strong>termini</strong></span> <span class='ocrx_word' id='word_1_13' title='bbox 944 530 1009 598; x_wconf 89' lang='lat' dir='ltr'><strong>post</strong></span> <span class='ocrx_word' id='word_1_14' title='bbox 1025 525 1136 581; x_wconf 85' lang='lat' dir='ltr'><strong>finalem</strong></span> <span class='ocrx_word' id='word_1_15' title='bbox 1153 526 1213 581; x_wconf 89' lang='lat' dir='ltr'><strong>eius</strong></span> <span class='ocrx_word' id='word_1_16' title='bbox 1228 527 1358 582; x_wconf 86' lang='lat' dir='ltr'><strong>determi-</strong></span> 
     </span>
     <span class='ocr_line' id='line_1_3' title="bbox 271 613 1359 686; baseline -0.002 -16"><span class='ocrx_word' id='word_1_17' title='bbox 271 615 415 670; x_wconf 78' lang='lat' dir='ltr'><strong>nationem</strong></span> <span class='ocrx_word' id='word_1_18' title='bbox 439 616 468 670; x_wconf 93' lang='lat' dir='ltr'><strong>in</strong></span> <span class='ocrx_word' id='word_1_19' title='bbox 490 613 594 686; x_wconf 91' lang='lat' dir='ltr'><strong>quibus</strong></span> <span class='ocrx_word' id='word_1_20' title='bbox 615 615 749 670; x_wconf 82' lang='lat' dir='ltr'><strong>lectiones</strong></span> <span class='ocrx_word' id='word_1_21' title='bbox 769 615 924 670; x_wconf 79' lang='lat' dir='ltr'><strong>ordinarias</strong></span> <span class='ocrx_word' id='word_1_22' title='bbox 948 613 1059 669; x_wconf 89' lang='lat' dir='ltr'><strong>audiuit</strong></span> <span class='ocrx_word' id='word_1_23' title='bbox 1080 614 1146 669; x_wconf 88' lang='lat' dir='ltr'><strong>licet</strong></span> <span class='ocrx_word' id='word_1_24' title='bbox 1166 631 1223 668; x_wconf 93' lang='lat' dir='ltr'><strong>non</strong></span> <span class='ocrx_word' id='word_1_25' title='bbox 1244 615 1359 670; x_wconf 91' lang='lat' dir='ltr'><strong>omnino</strong></span> 
     </span>
     <span class='ocr_line' id='line_1_4' title="bbox 270 701 1358 774; baseline -0.001 -16"><span class='ocrx_word' id='word_1_26' title='bbox 270 703 425 759; x_wconf 87' lang='lat' dir='ltr'><strong>secundum</strong></span> <span class='ocrx_word' id='word_1_27' title='bbox 443 705 563 758; x_wconf 87' lang='lat' dir='ltr'><strong>formam</strong></span> <span class='ocrx_word' id='word_1_28' title='bbox 583 704 686 758; x_wconf 90' lang='lat' dir='ltr'><strong>statuti</strong></span> <span class='ocrx_word' id='word_1_29' title='bbox 702 721 767 758; x_wconf 89' lang='lat' dir='ltr'><strong>cum</strong></span> <span class='ocrx_word' id='word_1_30' title='bbox 785 703 878 758; x_wconf 86' lang='lat' dir='ltr'><strong>tribus</strong></span> <span class='ocrx_word' id='word_1_31' title='bbox 894 701 1122 774; x_wconf 78' lang='lat' dir='ltr'><strong>responsionibus</strong></span> <span class='ocrx_word' id='word_1_32' title='bbox 1140 702 1284 772; x_wconf 70' lang='lat' dir='ltr'><strong>inquisitis</strong></span> <span class='ocrx_word' id='word_1_33' title='bbox 1301 703 1358 757; x_wconf 80' lang='lat' dir='ltr'><strong>sui·</strong></span> 
     </span>
     <span class='ocr_line' id='line_1_5' title="bbox 271 789 848 862; baseline 0.002 -18"><span class='ocrx_word' id='word_1_34' title='bbox 271 791 366 846; x_wconf 86' lang='lat' dir='ltr'><strong>ficiant</strong></span> <span class='ocrx_word' id='word_1_35' title='bbox 383 791 409 845; x_wconf 88' lang='lat' dir='ltr'><strong>ei</strong></span> <span class='ocrx_word' id='word_1_36' title='bbox 427 789 464 845; x_wconf 85' lang='lat' dir='ltr'><strong>ed</strong></span> <span class='ocrx_word' id='word_1_37' title='bbox 482 790 672 862; x_wconf 86' lang='lat' dir='ltr'><strong>incipiendum</strong></span> <span class='ocrx_word' id='word_1_38' title='bbox 691 790 720 844; x_wconf 92' lang='lat' dir='ltr'><strong>in</strong></span> <span class='ocrx_word' id='word_1_39' title='bbox 739 790 848 845; x_wconf 86' lang='lat' dir='ltr'><strong>artibus</strong></span> 
     </span>
    </p>
   </div>
   <div class='ocr_carea' id='block_1_3' title="bbox 288 1105 1265 1204">
    <p class='ocr_par' dir='ltr' id='par_1_3' title="bbox 288 1105 1265 1204">
     <span class='ocr_line' id='line_1_6' title="bbox 288 1105 1265 1204; baseline -0.001 -32"><span class='ocrx_word' id='word_1_40' title='bbox 288 1108 454 1174; x_wconf 85' lang='lat' dir='ltr'><strong>Numerus</strong></span> <span class='ocrx_word' id='word_1_41' title='bbox 478 1109 705 1195; x_wconf 78' lang='lat' dir='ltr'><strong>magistrorum</strong></span> <span class='ocrx_word' id='word_1_42' title='bbox 728 1107 762 1171; x_wconf 92' lang='lat' dir='ltr'><strong>in</strong></span> <span class='ocrx_word' id='word_1_43' title='bbox 785 1105 909 1172; x_wconf 86' lang='lat' dir='ltr'><strong>artibus</strong></span> <span class='ocrx_word' id='word_1_44' title='bbox 931 1105 1024 1204; x_wconf 83' lang='lat' dir='ltr'><strong>iuxta</strong></span> <span class='ocrx_word' id='word_1_45' title='bbox 1046 1107 1265 1172; x_wconf 88' lang='lat' dir='ltr'><strong>senioritetem</strong></span> 
     </span>
    </p>
   </div>
   <div class='ocr_carea' id='block_1_4' title="bbox 542 1289 1002 1344">
    <p class='ocr_par' dir='ltr' id='par_1_4' title="bbox 542 1289 1002 1344">
     <span class='ocr_line' id='line_1_7' title="bbox 542 1289 1002 1344; baseline -0.004 0"><span class='ocrx_word' id='word_1_46' title='bbox 542 1289 683 1344; x_wconf 83' lang='lat' dir='ltr'><strong>¹Mehewe</strong></span> <span class='ocrx_word' id='word_1_47' title='bbox 797 1320 805 1326; x_wconf 88' lang='lat'><em>-</em></span> <span class='ocrx_word' id='word_1_48' title='bbox 865 1289 1002 1343; x_wconf 84' lang='lat' dir='ltr'><strong>Betemen</strong></span> 
     </span>
    </p>
   </div>
   <div class='ocr_carea' id='block_1_5' title="bbox 203 2523 1484 4342">
    <p class='ocr_par' dir='ltr' id='par_1_5' title="bbox 203 2523 1484 2862">
     <span class='ocr_line' id='line_1_8' title="bbox 203 2523 1484 2596; baseline 0.001 -16"><span class='ocrx_word' id='word_1_49' title='bbox 203 2525 277 2581; x_wconf 83' lang='lat' dir='ltr'><strong>Item</strong></span> <span class='ocrx_word' id='word_1_50' title='bbox 290 2525 451 2582; x_wconf 88' lang='lat' dir='ltr'><strong>conceditur</strong></span> <span class='ocrx_word' id='word_1_51' title='bbox 461 2525 576 2580; x_wconf 89' lang='lat' dir='ltr'><strong>domino</strong></span> <span class='ocrx_word' id='word_1_52' title='bbox 587 2523 704 2596; x_wconf 85' lang='lat' dir='ltr'><strong>Wyison</strong></span> <span class='ocrx_word' id='word_1_53' title='bbox 718 2527 750 2579; x_wconf 87' lang='lat' dir='ltr'><strong>vt</strong></span> <span class='ocrx_word' id='word_1_54' title='bbox 766 2541 814 2578; x_wconf 85' lang='lat' dir='ltr'><strong>sex</strong></span> <span class='ocrx_word' id='word_1_55' title='bbox 827 2524 941 2578; x_wconf 87' lang='lat' dir='ltr'><strong>termini</strong></span> <span class='ocrx_word' id='word_1_56' title='bbox 957 2528 1022 2596; x_wconf 84' lang='lat' dir='ltr'><strong>poet</strong></span> <span class='ocrx_word' id='word_1_57' title='bbox 1034 2525 1147 2580; x_wconf 88' lang='lat' dir='ltr'><strong>finelem</strong></span> <span class='ocrx_word' id='word_1_58' title='bbox 1158 2526 1219 2581; x_wconf 87' lang='lat' dir='ltr'><strong>eius</strong></span> <span class='ocrx_word' id='word_1_59' title='bbox 1229 2525 1360 2581; x_wconf 86' lang='lat' dir='ltr'><strong>determi-</strong></span> <span class='ocrx_word' id='word_1_60' title='bbox 1372 2531 1393 2589; x_wconf 81' lang='lat' dir='ltr'><strong>f,</strong></span> <span class='ocrx_word' id='word_1_61' title='bbox 1412 2532 1450 2590; x_wconf 80' lang='lat'><strong>24</strong></span> <span class='ocrx_word' id='word_1_62' title='bbox 1464 2534 1484 2590; x_wconf 85' lang='lat' dir='ltr'><strong>b</strong></span> 
     </span>
     <span class='ocr_line' id='line_1_9' title="bbox 275 2599 1361 2685; baseline -0.001 -16"><span class='ocrx_word' id='word_1_63' title='bbox 275 2615 419 2669; x_wconf 78' lang='lat' dir='ltr'><strong>necionem</strong></span> <span class='ocrx_word' id='word_1_64' title='bbox 440 2614 470 2668; x_wconf 91' lang='lat' dir='ltr'><strong>in</strong></span> <span class='ocrx_word' id='word_1_65' title='bbox 491 2612 594 2685; x_wconf 88' lang='lat' dir='ltr'><strong>quibus</strong></span> <span class='ocrx_word' id='word_1_66' title='bbox 618 2612 750 2668; x_wconf 88' lang='lat' dir='ltr'><strong>lectiones</strong></span> <span class='ocrx_word' id='word_1_67' title='bbox 771 2611 926 2666; x_wconf 79' lang='lat' dir='ltr'><strong>ordinarias</strong></span> <span class='ocrx_word' id='word_1_68' title='bbox 949 2613 1061 2681; x_wconf 81' lang='lat' dir='ltr'><strong>audiuit</strong></span> <span class='ocrx_word' id='word_1_69' title='bbox 1083 2613 1149 2668; x_wconf 89' lang='lat' dir='ltr'><strong>licet</strong></span> <span class='ocrx_word' id='word_1_70' title='bbox 1170 2599 1226 2668; x_wconf 85' lang='lat' dir='ltr'><strong>non</strong></span> <span class='ocrx_word' id='word_1_71' title='bbox 1247 2615 1361 2668; x_wconf 88' lang='lat' dir='ltr'><strong>omnino</strong></span> 
     </span>
     <span class='ocr_line' id='line_1_10' title="bbox 274 2699 1360 2772; baseline -0.001 -14"><span class='ocrx_word' id='word_1_72' title='bbox 274 2702 428 2758; x_wconf 86' lang='lat' dir='ltr'><strong>secundum</strong></span> <span class='ocrx_word' id='word_1_73' title='bbox 445 2703 563 2757; x_wconf 79' lang='lat' dir='ltr'><strong>formam</strong></span> <span class='ocrx_word' id='word_1_74' title='bbox 579 2702 682 2756; x_wconf 77' lang='lat' dir='ltr'><strong>statuti</strong></span> <span class='ocrx_word' id='word_1_75' title='bbox 694 2718 759 2756; x_wconf 85' lang='lat' dir='ltr'><strong>cum</strong></span> <span class='ocrx_word' id='word_1_76' title='bbox 775 2699 868 2755; x_wconf 88' lang='lat' dir='ltr'><strong>tribus</strong></span> <span class='ocrx_word' id='word_1_77' title='bbox 884 2703 1111 2772; x_wconf 79' lang='lat' dir='ltr'><strong>responsionibus</strong></span> <span class='ocrx_word' id='word_1_78' title='bbox 1127 2703 1268 2757; x_wconf 86' lang='lat' dir='ltr'><strong>sufficiant</strong></span> <span class='ocrx_word' id='word_1_79' title='bbox 1284 2704 1309 2757; x_wconf 89' lang='lat' dir='ltr'><strong>ei</strong></span> <span class='ocrx_word' id='word_1_80' title='bbox 1325 2703 1360 2758; x_wconf 81' lang='lat' dir='ltr'><strong>ed</strong></span> 
     </span>
     <span class='ocr_line' id='line_1_11' title="bbox 275 2789 629 2862; baseline 0 -17"><span class='ocrx_word' id='word_1_81' title='bbox 275 2791 465 2862; x_wconf 88' lang='lat' dir='ltr'><strong>incipiendum</strong></span> <span class='ocrx_word' id='word_1_82' title='bbox 477 2791 508 2845; x_wconf 91' lang='lat' dir='ltr'><strong>in</strong></span> <span class='ocrx_word' id='word_1_83' title='bbox 519 2789 629 2846; x_wconf 76' lang='lat' dir='ltr'><strong>artibus</strong></span> 
     </span>
    </p>

    <p class='ocr_par' dir='ltr' id='par_1_6' title="bbox 205 2876 1361 3200">
     <span class='ocr_line' id='line_1_12' title="bbox 205 2876 1361 2950; baseline 0.001 -18"><span class='ocrx_word' id='word_1_84' title='bbox 205 2877 279 2932; x_wconf 86' lang='lat' dir='ltr'><strong>Item</strong></span> <span class='ocrx_word' id='word_1_85' title='bbox 297 2877 458 2933; x_wconf 87' lang='lat' dir='ltr'><strong>conceditur</strong></span> <span class='ocrx_word' id='word_1_86' title='bbox 475 2878 566 2933; x_wconf 83' lang='lat' dir='ltr'><strong>eidem</strong></span> <span class='ocrx_word' id='word_1_87' title='bbox 583 2883 615 2932; x_wconf 86' lang='lat' dir='ltr'><strong>vt</strong></span> <span class='ocrx_word' id='word_1_88' title='bbox 632 2877 656 2932; x_wconf 88' lang='lat' dir='ltr'><strong>si</strong></span> <span class='ocrx_word' id='word_1_89' title='bbox 675 2895 691 2932; x_wconf 90' lang='lat' dir='ltr'><strong>e</strong></span> <span class='ocrx_word' id='word_1_90' title='bbox 708 2877 802 2948; x_wconf 88' lang='lat' dir='ltr'><strong>patria</strong></span> <span class='ocrx_word' id='word_1_91' title='bbox 820 2894 876 2932; x_wconf 93' lang='lat' dir='ltr'><strong>non</strong></span> <span class='ocrx_word' id='word_1_92' title='bbox 894 2876 1008 2932; x_wconf 88' lang='lat' dir='ltr'><strong>redierit</strong></span> <span class='ocrx_word' id='word_1_93' title='bbox 1025 2881 1091 2932; x_wconf 85' lang='lat' dir='ltr'><strong>ente</strong></span> <span class='ocrx_word' id='word_1_94' title='bbox 1107 2878 1251 2932; x_wconf 88' lang='lat' dir='ltr'><strong>commitia</strong></span> <span class='ocrx_word' id='word_1_95' title='bbox 1272 2879 1361 2950; x_wconf 85' lang='lat' dir='ltr'><strong>possit</strong></span> 
     </span>
     <span class='ocr_line' id='line_1_13' title="bbox 275 2966 1359 3038; baseline 0.001 -17"><span class='ocrx_word' id='word_1_96' title='bbox 275 2966 331 3021; x_wconf 82' lang='lat' dir='ltr'><strong>frui</strong></span> <span class='ocrx_word' id='word_1_97' title='bbox 348 2968 438 3038; x_wconf 84' lang='lat' dir='ltr'><strong>gretie</strong></span> <span class='ocrx_word' id='word_1_98' title='bbox 455 2985 474 3021; x_wconf 87' lang='lat' dir='ltr'><strong>e</strong></span> <span class='ocrx_word' id='word_1_99' title='bbox 491 2966 570 3022; x_wconf 87' lang='lat' dir='ltr'><strong>vobis</strong></span> <span class='ocrx_word' id='word_1_100' title='bbox 588 2984 718 3022; x_wconf 87' lang='lat' dir='ltr'><strong>concesse</strong></span> <span class='ocrx_word' id='word_1_101' title='bbox 754 2967 792 3021; x_wconf 90' lang='lat' dir='ltr'><strong>Et</strong></span> <span class='ocrx_word' id='word_1_102' title='bbox 808 2968 897 3038; x_wconf 93' lang='lat' dir='ltr'><strong>possit</strong></span> <span class='ocrx_word' id='word_1_103' title='bbox 913 2967 1028 3022; x_wconf 77' lang='lat' dir='ltr'><strong>admitti</strong></span> <span class='ocrx_word' id='word_1_104' title='bbox 1044 2985 1109 3022; x_wconf 88' lang='lat' dir='ltr'><strong>cum</strong></span> <span class='ocrx_word' id='word_1_105' title='bbox 1126 2967 1234 3022; x_wconf 87' lang='lat' dir='ltr'><strong>venerit</strong></span> <span class='ocrx_word' id='word_1_106' title='bbox 1249 2971 1278 3022; x_wconf 90' lang='lat' dir='ltr'><strong>et</strong></span> <span class='ocrx_word' id='word_1_107' title='bbox 1294 2985 1359 3022; x_wconf 89' lang='lat' dir='ltr'><strong>eum</strong></span> 
     </span>
     <span class='ocr_line' id='line_1_14' title="bbox 275 3055 1360 3128; baseline 0 -18"><span class='ocrx_word' id='word_1_108' title='bbox 275 3059 369 3110; x_wconf 88' lang='lat' dir='ltr'><strong>tenere</strong></span> <span class='ocrx_word' id='word_1_109' title='bbox 386 3056 513 3111; x_wconf 88' lang='lat' dir='ltr'><strong>ordinem</strong></span> <span class='ocrx_word' id='word_1_110' title='bbox 530 3073 615 3127; x_wconf 88' lang='lat' dir='ltr'><strong>quem</strong></span> <span class='ocrx_word' id='word_1_111' title='bbox 633 3061 825 3128; x_wconf 72' lang='lat' dir='ltr'><strong>procuratores</strong></span> <span class='ocrx_word' id='word_1_112' title='bbox 842 3055 1046 3126; x_wconf 70' lang='lat' dir='ltr'><strong>assignaverint</strong></span> <span class='ocrx_word' id='word_1_113' title='bbox 1082 3055 1129 3110; x_wconf 78' lang='lat' dir='ltr'><strong>Ita</strong></span> <span class='ocrx_word' id='word_1_114' title='bbox 1145 3061 1178 3110; x_wconf 87' lang='lat' dir='ltr'><strong>vt</strong></span> <span class='ocrx_word' id='word_1_115' title='bbox 1195 3055 1360 3111; x_wconf 86' lang='lat' dir='ltr'><strong>convinctur</strong></span> 
     </span>
     <span class='ocr_line' id='line_1_15' title="bbox 274 3145 457 3200; baseline 0.005 -1"><span class='ocrx_word' id='word_1_116' title='bbox 274 3161 339 3199; x_wconf 89' lang='lat' dir='ltr'><strong>cum</strong></span> <span class='ocrx_word' id='word_1_117' title='bbox 356 3145 457 3200; x_wconf 88' lang='lat' dir='ltr'><strong>ceteris</strong></span> 
     </span>
    </p>

    <p class='ocr_par' dir='ltr' id='par_1_7' title="bbox 206 3231 1360 3568">
     <span class='ocr_line' id='line_1_16' title="bbox 206 3231 1358 3302; baseline 0.002 -16"><span class='ocrx_word' id='word_1_118' title='bbox 206 3232 280 3287; x_wconf 90' lang='lat' dir='ltr'><strong>Item</strong></span> <span class='ocrx_word' id='word_1_119' title='bbox 301 3232 464 3288; x_wconf 86' lang='lat' dir='ltr'><strong>conceditur</strong></span> <span class='ocrx_word' id='word_1_120' title='bbox 484 3232 598 3288; x_wconf 89' lang='lat' dir='ltr'><strong>domino</strong></span> <span class='ocrx_word' id='word_1_121' title='bbox 618 3233 691 3286; x_wconf 84' lang='lat' dir='ltr'><strong>Sone</strong></span> <span class='ocrx_word' id='word_1_122' title='bbox 709 3235 741 3288; x_wconf 84' lang='lat' dir='ltr'><strong>vt</strong></span> <span class='ocrx_word' id='word_1_123' title='bbox 761 3235 779 3286; x_wconf 80' lang='lat'>6</span> <span class='ocrx_word' id='word_1_124' title='bbox 800 3231 913 3286; x_wconf 88' lang='lat' dir='ltr'><strong>termini</strong></span> <span class='ocrx_word' id='word_1_125' title='bbox 933 3234 998 3302; x_wconf 88' lang='lat' dir='ltr'><strong>post</strong></span> <span class='ocrx_word' id='word_1_126' title='bbox 1019 3231 1131 3285; x_wconf 78' lang='lat' dir='ltr'><strong>finalem</strong></span> <span class='ocrx_word' id='word_1_127' title='bbox 1149 3233 1210 3286; x_wconf 86' lang='lat' dir='ltr'><strong>eius</strong></span> <span class='ocrx_word' id='word_1_128' title='bbox 1228 3233 1358 3290; x_wconf 88' lang='lat' dir='ltr'><strong>determi-</strong></span> 
     </span>
     <span class='ocr_line' id='line_1_17' title="bbox 275 3318 1360 3392; baseline 0 -16"><span class='ocrx_word' id='word_1_129' title='bbox 275 3322 417 3376; x_wconf 77' lang='lat' dir='ltr'><strong>nationem</strong></span> <span class='ocrx_word' id='word_1_130' title='bbox 439 3321 467 3375; x_wconf 92' lang='lat' dir='ltr'><strong>in</strong></span> <span class='ocrx_word' id='word_1_131' title='bbox 492 3319 595 3392; x_wconf 88' lang='lat' dir='ltr'><strong>quibus</strong></span> <span class='ocrx_word' id='word_1_132' title='bbox 618 3321 750 3375; x_wconf 88' lang='lat' dir='ltr'><strong>lectiones</strong></span> <span class='ocrx_word' id='word_1_133' title='bbox 771 3319 925 3375; x_wconf 85' lang='lat' dir='ltr'><strong>ordinaries</strong></span> <span class='ocrx_word' id='word_1_134' title='bbox 945 3319 1056 3374; x_wconf 89' lang='lat' dir='ltr'><strong>audiuit</strong></span> <span class='ocrx_word' id='word_1_135' title='bbox 1079 3318 1145 3375; x_wconf 90' lang='lat' dir='ltr'><strong>licet</strong></span> <span class='ocrx_word' id='word_1_136' title='bbox 1168 3338 1224 3375; x_wconf 92' lang='lat' dir='ltr'><strong>non</strong></span> <span class='ocrx_word' id='word_1_137' title='bbox 1245 3323 1360 3376; x_wconf 90' lang='lat' dir='ltr'><strong>omnino</strong></span> 
     </span>
     <span class='ocr_line' id='line_1_18' title="bbox 274 3407 1360 3480; baseline 0 -14"><span class='ocrx_word' id='word_1_138' title='bbox 274 3411 428 3466; x_wconf 86' lang='lat' dir='ltr'><strong>secundum</strong></span> <span class='ocrx_word' id='word_1_139' title='bbox 439 3411 558 3468; x_wconf 74' lang='lat' dir='ltr'><strong>formem</strong></span> <span class='ocrx_word' id='word_1_140' title='bbox 574 3409 676 3464; x_wconf 84' lang='lat' dir='ltr'><strong>statuti</strong></span> <span class='ocrx_word' id='word_1_141' title='bbox 693 3427 758 3463; x_wconf 92' lang='lat' dir='ltr'><strong>cum</strong></span> <span class='ocrx_word' id='word_1_142' title='bbox 775 3408 867 3464; x_wconf 86' lang='lat' dir='ltr'><strong>tribue</strong></span> <span class='ocrx_word' id='word_1_143' title='bbox 881 3407 1108 3480; x_wconf 87' lang='lat' dir='ltr'><strong>responsionibus</strong></span> <span class='ocrx_word' id='word_1_144' title='bbox 1124 3409 1264 3464; x_wconf 86' lang='lat' dir='ltr'><strong>sufficiant</strong></span> <span class='ocrx_word' id='word_1_145' title='bbox 1280 3411 1306 3464; x_wconf 91' lang='lat' dir='ltr'><strong>ei</strong></span> <span class='ocrx_word' id='word_1_146' title='bbox 1324 3411 1360 3466; x_wconf 89' lang='lat' dir='ltr'><strong>ed</strong></span> 
     </span>
     <span class='ocr_line' id='line_1_19' title="bbox 276 3495 631 3568; baseline -0.003 -17"><span class='ocrx_word' id='word_1_147' title='bbox 276 3496 467 3568; x_wconf 86' lang='lat' dir='ltr'><strong>incipiendum</strong></span> <span class='ocrx_word' id='word_1_148' title='bbox 478 3496 509 3550; x_wconf 92' lang='lat' dir='ltr'><strong>in</strong></span> <span class='ocrx_word' id='word_1_149' title='bbox 521 3495 631 3550; x_wconf 78' lang='lat' dir='ltr'><strong>artibus</strong></span> 
     </span>
    </p>

    <p class='ocr_par' dir='ltr' id='par_1_8' title="bbox 204 3584 1362 3743">
     <span class='ocr_line' id='line_1_20' title="bbox 204 3584 1362 3658; baseline -0.001 -17"><span class='ocrx_word' id='word_1_150' title='bbox 204 3585 311 3642; x_wconf 83' lang='lat' dir='ltr'><strong>Eadem</strong></span> <span class='ocrx_word' id='word_1_151' title='bbox 326 3587 417 3658; x_wconf 79' lang='lat' dir='ltr'><strong>gretia</strong></span> <span class='ocrx_word' id='word_1_152' title='bbox 432 3585 467 3640; x_wconf 86' lang='lat' dir='ltr'><strong>de</strong></span> <span class='ocrx_word' id='word_1_153' title='bbox 479 3584 564 3640; x_wconf 87' lang='lat' dir='ltr'><strong>verbo</strong></span> <span class='ocrx_word' id='word_1_154' title='bbox 580 3585 609 3638; x_wconf 92' lang='lat' dir='ltr'><strong>in</strong></span> <span class='ocrx_word' id='word_1_155' title='bbox 623 3585 738 3639; x_wconf 88' lang='lat' dir='ltr'><strong>verbum</strong></span> <span class='ocrx_word' id='word_1_156' title='bbox 755 3584 917 3639; x_wconf 88' lang='lat' dir='ltr'><strong>conceditur</strong></span> <span class='ocrx_word' id='word_1_157' title='bbox 932 3584 1055 3644; x_wconf 87' lang='lat' dir='ltr'><strong>dominis</strong></span> <span class='ocrx_word' id='word_1_158' title='bbox 1070 3584 1319 3656; x_wconf 81' lang='lat' dir='ltr'><strong>Orphynstraunge</strong></span> <span class='ocrx_word' id='word_1_159' title='bbox 1332 3591 1362 3640; x_wconf 88' lang='lat' dir='ltr'><strong>et</strong></span> 
     </span>
     <span class='ocr_line' id='line_1_21' title="bbox 276 3670 1000 3743; baseline -0.001 -17"><span class='ocrx_word' id='word_1_160' title='bbox 276 3670 366 3743; x_wconf 80' lang='lat' dir='ltr'><strong>Boyes</strong></span> <span class='ocrx_word' id='word_1_161' title='bbox 377 3676 407 3726; x_wconf 92' lang='lat' dir='ltr'><strong>et</strong></span> <span class='ocrx_word' id='word_1_162' title='bbox 419 3671 545 3726; x_wconf 87' lang='lat' dir='ltr'><strong>Malbam</strong></span> <span class='ocrx_word' id='word_1_163' title='bbox 997 3731 1000 3736; x_wconf 59' lang='grc'>,</span> 
     </span>
    </p>

    <p class='ocr_par' dir='ltr' id='par_1_9' title="bbox 205 3757 1360 4005">
     <span class='ocr_line' id='line_1_22' title="bbox 205 3757 1360 3830; baseline 0 -16"><span class='ocrx_word' id='word_1_164' title='bbox 205 3758 279 3814; x_wconf 90' lang='lat' dir='ltr'><strong>Item</strong></span> <span class='ocrx_word' id='word_1_165' title='bbox 291 3759 453 3815; x_wconf 89' lang='lat' dir='ltr'><strong>conceditur</strong></span> <span class='ocrx_word' id='word_1_166' title='bbox 464 3759 578 3816; x_wconf 90' lang='lat' dir='ltr'><strong>domino</strong></span> <span class='ocrx_word' id='word_1_167' title='bbox 590 3757 754 3830; x_wconf 83' lang='lat' dir='ltr'><strong>Reymonde</strong></span> <span class='ocrx_word' id='word_1_168' title='bbox 764 3764 795 3813; x_wconf 88' lang='lat' dir='ltr'><strong>vt</strong></span> <span class='ocrx_word' id='word_1_169' title='bbox 808 3763 825 3813; x_wconf 87' lang='grc'><strong>6</strong></span> <span class='ocrx_word' id='word_1_170' title='bbox 838 3758 950 3813; x_wconf 88' lang='lat' dir='ltr'><strong>termini</strong></span> <span class='ocrx_word' id='word_1_171' title='bbox 964 3761 1029 3829; x_wconf 88' lang='lat' dir='ltr'><strong>poet</strong></span> <span class='ocrx_word' id='word_1_172' title='bbox 1040 3757 1153 3813; x_wconf 87' lang='lat' dir='ltr'><strong>finalem</strong></span> <span class='ocrx_word' id='word_1_173' title='bbox 1161 3759 1222 3813; x_wconf 91' lang='lat' dir='ltr'><strong>eius</strong></span> <span class='ocrx_word' id='word_1_174' title='bbox 1230 3759 1360 3814; x_wconf 89' lang='lat' dir='ltr'><strong>determi-</strong></span> 
     </span>
     <span class='ocr_line' id='line_1_23' title="bbox 275 3846 1360 3918; baseline 0.001 -15"><span class='ocrx_word' id='word_1_175' title='bbox 275 3849 419 3903; x_wconf 88' lang='lat' dir='ltr'><strong>nationem</strong></span> <span class='ocrx_word' id='word_1_176' title='bbox 443 3847 575 3918; x_wconf 88' lang='lat' dir='ltr'><strong>completi</strong></span> <span class='ocrx_word' id='word_1_177' title='bbox 599 3863 664 3902; x_wconf 91' lang='lat' dir='ltr'><strong>cum</strong></span> <span class='ocrx_word' id='word_1_178' title='bbox 693 3846 784 3902; x_wconf 87' lang='lat' dir='ltr'><strong>tribus</strong></span> <span class='ocrx_word' id='word_1_179' title='bbox 808 3846 1036 3918; x_wconf 87' lang='lat' dir='ltr'><strong>responsionibus</strong></span> <span class='ocrx_word' id='word_1_180' title='bbox 1061 3847 1214 3903; x_wconf 89' lang='lat' dir='ltr'><strong>secundum</strong></span> <span class='ocrx_word' id='word_1_181' title='bbox 1242 3850 1360 3904; x_wconf 79' lang='lat' dir='ltr'><strong>sormam</strong></span> 
     </span>
     <span class='ocr_line' id='line_1_24' title="bbox 274 3933 1019 4005; baseline -0.001 -16"><span class='ocrx_word' id='word_1_182' title='bbox 274 3934 377 3990; x_wconf 88' lang='lat' dir='ltr'><strong>statuti</strong></span> <span class='ocrx_word' id='word_1_183' title='bbox 395 3933 537 3989; x_wconf 87' lang='lat' dir='ltr'><strong>sufficiant</strong></span> <span class='ocrx_word' id='word_1_184' title='bbox 554 3934 580 3988; x_wconf 89' lang='lat' dir='ltr'><strong>ei</strong></span> <span class='ocrx_word' id='word_1_185' title='bbox 597 3933 634 3989; x_wconf 85' lang='lat' dir='ltr'><strong>ed</strong></span> <span class='ocrx_word' id='word_1_186' title='bbox 651 3934 843 4005; x_wconf 88' lang='lat' dir='ltr'><strong>incipiendum</strong></span> <span class='ocrx_word' id='word_1_187' title='bbox 862 3935 891 3988; x_wconf 92' lang='lat' dir='ltr'><strong>in</strong></span> <span class='ocrx_word' id='word_1_188' title='bbox 910 3933 1019 3990; x_wconf 90' lang='lat' dir='ltr'><strong>artibus</strong></span> 
     </span>
    </p>

    <p class='ocr_par' dir='ltr' id='par_1_10' title="bbox 204 4022 1360 4180">
     <span class='ocr_line' id='line_1_25' title="bbox 204 4022 1360 4094; baseline 0.001 -15"><span class='ocrx_word' id='word_1_189' title='bbox 204 4024 279 4080; x_wconf 90' lang='lat' dir='ltr'><strong>Item</strong></span> <span class='ocrx_word' id='word_1_190' title='bbox 299 4022 461 4079; x_wconf 89' lang='lat' dir='ltr'><strong>conceditur</strong></span> <span class='ocrx_word' id='word_1_191' title='bbox 481 4023 595 4078; x_wconf 90' lang='lat' dir='ltr'><strong>domino</strong></span> <span class='ocrx_word' id='word_1_192' title='bbox 617 4023 717 4094; x_wconf 84' lang='lat' dir='ltr'><strong>Kynge</strong></span> <span class='ocrx_word' id='word_1_193' title='bbox 738 4028 769 4078; x_wconf 80' lang='lat' dir='ltr'><strong>rt</strong></span> <span class='ocrx_word' id='word_1_194' title='bbox 793 4027 916 4094; x_wconf 85' lang='lat' dir='ltr'><strong>quatuor</strong></span> <span class='ocrx_word' id='word_1_195' title='bbox 939 4023 1053 4078; x_wconf 87' lang='lat' dir='ltr'><strong>termini</strong></span> <span class='ocrx_word' id='word_1_196' title='bbox 1077 4027 1141 4094; x_wconf 88' lang='lat' dir='ltr'><strong>post</strong></span> <span class='ocrx_word' id='word_1_197' title='bbox 1165 4023 1276 4078; x_wconf 81' lang='lat' dir='ltr'><strong>finalem</strong></span> <span class='ocrx_word' id='word_1_198' title='bbox 1300 4025 1360 4080; x_wconf 84' lang='lat' dir='ltr'><strong>eius</strong></span> 
     </span>
     <span class='ocr_line' id='line_1_26' title="bbox 274 4110 1360 4180; baseline 0 -13"><span class='ocrx_word' id='word_1_199' title='bbox 274 4111 537 4168; x_wconf 80' lang='lat' dir='ltr'><strong>determinationem</strong></span> <span class='ocrx_word' id='word_1_200' title='bbox 556 4112 586 4166; x_wconf 93' lang='lat' dir='ltr'><strong>in</strong></span> <span class='ocrx_word' id='word_1_201' title='bbox 606 4111 660 4166; x_wconf 88' lang='lat' dir='ltr'><strong>hec</strong></span> <span class='ocrx_word' id='word_1_202' title='bbox 679 4112 862 4167; x_wconf 79' lang='lat' dir='ltr'><strong>uniuersitete</strong></span> <span class='ocrx_word' id='word_1_203' title='bbox 883 4118 912 4167; x_wconf 93' lang='lat' dir='ltr'><strong>et</strong></span> <span class='ocrx_word' id='word_1_204' title='bbox 932 4110 1059 4166; x_wconf 90' lang='lat' dir='ltr'><strong>studium</strong></span> <span class='ocrx_word' id='word_1_205' title='bbox 1080 4115 1202 4180; x_wconf 88' lang='lat' dir='ltr'><strong>quatuor</strong></span> <span class='ocrx_word' id='word_1_206' title='bbox 1222 4129 1360 4167; x_wconf 87' lang='lat' dir='ltr'><strong>annorum</strong></span> 
     </span>
    </p>

    <p class='ocr_par' dir='ltr' id='par_1_11' title="bbox 212 4196 1360 4342">
     <span class='ocr_line' id='line_1_27' title="bbox 212 4196 1360 4271; baseline 0 -17"><span class='ocrx_word' id='word_1_207' title='bbox 212 4261 216 4270; x_wconf 26' lang='grc' dir='ltr'>ι</span> <span class='ocrx_word' id='word_1_208' title='bbox 275 4198 390 4255; x_wconf 82' lang='lat' dir='ltr'><strong>Oroniis</strong></span> <span class='ocrx_word' id='word_1_209' title='bbox 401 4216 466 4254; x_wconf 89' lang='lat' dir='ltr'><strong>cum</strong></span> <span class='ocrx_word' id='word_1_210' title='bbox 478 4196 706 4271; x_wconf 86' lang='lat' dir='ltr'><strong>responsionibus</strong></span> <span class='ocrx_word' id='word_1_211' title='bbox 718 4198 861 4270; x_wconf 90' lang='lat' dir='ltr'><strong>requisitis</strong></span> <span class='ocrx_word' id='word_1_212' title='bbox 876 4197 1018 4252; x_wconf 84' lang='lat' dir='ltr'><strong>sufficiant</strong></span> <span class='ocrx_word' id='word_1_213' title='bbox 1031 4197 1057 4251; x_wconf 92' lang='lat' dir='ltr'><strong>ei</strong></span> <span class='ocrx_word' id='word_1_214' title='bbox 1072 4196 1109 4252; x_wconf 90' lang='lat' dir='ltr'><strong>ad</strong></span> <span class='ocrx_word' id='word_1_215' title='bbox 1124 4196 1314 4268; x_wconf 86' lang='lat' dir='ltr'><strong>incipiendum</strong></span> <span class='ocrx_word' id='word_1_216' title='bbox 1329 4199 1360 4254; x_wconf 89' lang='lat' dir='ltr'><strong>in</strong></span> 
     </span>
     <span class='ocr_line' id='line_1_28' title="bbox 273 4286 383 4342; baseline 0 0"><span class='ocrx_word' id='word_1_217' title='bbox 273 4286 383 4342; x_wconf 81' lang='lat' dir='ltr'><strong>artibus</strong></span> 
     </span>
    </p>
   </div>
   <div class='ocr_carea' id='block_1_6' title="bbox 255 4423 1304 4489">
    <p class='ocr_par' dir='ltr' id='par_1_12' title="bbox 255 4423 1304 4489">
     <span class='ocr_line' id='line_1_29' title="bbox 255 4423 1304 4489; baseline -0.001 -12"><span class='ocrx_word' id='word_1_218' title='bbox 255 4425 264 4457; x_wconf 89' lang='lat'>¹</span> <span class='ocrx_word' id='word_1_219' title='bbox 281 4423 365 4477; x_wconf 77' lang='lat' dir='ltr'><strong>These</strong></span> <span class='ocrx_word' id='word_1_220' title='bbox 376 4441 466 4477; x_wconf 81' lang='lat' dir='ltr'><strong>names</strong></span> <span class='ocrx_word' id='word_1_221' title='bbox 478 4441 522 4477; x_wconf 88' lang='lat' dir='ltr'><strong>ere</strong></span> <span class='ocrx_word' id='word_1_222' title='bbox 533 4425 659 4489; x_wconf 76' lang='lat' dir='ltr'><strong>arrenged</strong></span> <span class='ocrx_word' id='word_1_223' title='bbox 672 4425 795 4488; x_wconf 81' lang='lat' dir='ltr'><strong>sideweye</strong></span> <span class='ocrx_word' id='word_1_224' title='bbox 807 4425 885 4487; x_wconf 81' lang='lat' dir='ltr'><strong>along</strong></span> <span class='ocrx_word' id='word_1_225' title='bbox 895 4423 941 4474; x_wconf 84' lang='lat' dir='ltr'><strong>the</strong></span> <span class='ocrx_word' id='word_1_226' title='bbox 952 4423 1051 4473; x_wconf 86' lang='lat' dir='ltr'><strong>bottom</strong></span> <span class='ocrx_word' id='word_1_227' title='bbox 1062 4423 1126 4487; x_wconf 78' lang='lat' dir='ltr'><strong>edge</strong></span> <span class='ocrx_word' id='word_1_228' title='bbox 1136 4425 1166 4473; x_wconf 90' lang='lat' dir='ltr'><strong>oi</strong></span> <span class='ocrx_word' id='word_1_229' title='bbox 1174 4424 1220 4474; x_wconf 87' lang='lat' dir='ltr'><strong>the</strong></span> <span class='ocrx_word' id='word_1_230' title='bbox 1231 4439 1304 4488; x_wconf 76' lang='lat' dir='ltr'><strong>page.</strong></span> 
     </span>
    </p>
   </div>
   <div class='ocr_carea' id='block_1_7' title="bbox 0 0 1677 5110">
    <p class='ocr_par' dir='ltr' id='par_1_13' title="bbox 0 0 1677 5110">
     <span class='ocr_line' id='line_1_30' title="bbox 0 0 1677 5110; baseline 0 0"><span class='ocrx_word' id='word_1_231' title='bbox 0 0 1677 5110; x_wconf 95' lang='lat' dir='ltr'><strong> </strong></span> 
     </span>
    </p>
   </div>
  </div>
 </body>
</html>
