3394 5114
207 323 372 412 1567-68]
644 341 757 390 onnon
780 337 873 390 Boon
896 340 919 390 Δ
1297 324 1358 392 21⁷

205 494 376 551 Oonosditur
397 497 414 549 9
434 494 504 548 Julii
527 500 558 548 vt
580 495 651 549 altor
672 513 763 550 sonno
784 496 819 550 nd
842 497 944 550 clerum
969 501 1099 566 peractus
1120 513 1170 566 por
1193 497 1359 566 magistrum

277 582 478 652 Oarterwrighr
490 587 548 636 stst
560 583 586 637 ei
598 601 650 654 pro
662 584 838 653 oppositione
851 585 881 638 in
894 584 1035 654 theologia
1047 583 1084 638 sd
1096 601 1181 655 quam
1193 588 1308 638 tenetur

206 671 376 726 Conceditur
397 673 414 724 9
435 671 542 741 Aprilis
563 675 595 725 vt
616 671 808 742 oppositiones
828 671 864 726 od
885 688 955 741 quas
975 677 1088 726 tenetur
1109 672 1243 742 magister
1262 671 1361 726 doctor

276 758 399 828 Sponoer
410 757 519 811 rationo
533 757 635 827 gradus
650 759 694 812 sui
712 759 822 828 possint
837 759 942 813 mutnri
958 759 988 812 in
1003 777 1050 812 sex
1065 777 1207 813 sermones
1221 759 1257 812 nd
1272 776 1358 830 popu·

276 848 335 900 lum
350 863 470 917 quorum
487 863 559 900 vnus
576 845 614 900 sit
631 846 705 900 infra
721 864 827 900 annum
845 847 874 900 in
892 845 1033 901 academie
1051 847 1157 918 templo
1174 847 1197 901 si
1214 847 1359 902 commodo

277 934 335 986 fieri
348 932 438 1002 possit

206 1021 374 1075 Conceditur
393 1023 410 1074 9
429 1019 499 1074 Julii
521 1025 551 1072 vt
573 1019 705 1074 dominus
726 1019 959 1090 procanoellarius
982 1021 1108 1091 magistri
1130 1021 1309 1092 collegiorum
1331 1022 1393 1080 oti.
1412 1023 1482 1081 9521

276 1126 373 1162 omnes
389 1107 516 1162 doctores
536 1107 672 1178 theologie
688 1113 717 1162 et
735 1113 930 1178 procuratores
948 1108 1072 1163 habeant
1088 1109 1286 1163 anctoritatem
1303 1110 1358 1163 dis·

275 1195 397 1267 ponendi
414 1200 443 1249 et
459 1196 650 1251 constituendi
666 1196 790 1251 ordinem
808 1203 838 1251 ot
854 1202 968 1266 tempus
984 1197 1188 1267 disputationis
1205 1198 1359 1268 theologico

276 1286 306 1339 in
317 1285 445 1340 futurum
455 1285 537 1338 sicvt
550 1283 577 1338 id
591 1291 685 1340 ratum
698 1286 737 1339 sit
749 1285 824 1355 quod
838 1285 927 1339 maior
939 1303 1004 1356 pars
1016 1303 1113 1342 eorum
1126 1285 1280 1340 decreverit
1292 1291 1359 1340 ante

276 1373 381 1428 festum
394 1372 516 1426 Dionisii
529 1373 688 1444 proximum
701 1377 731 1427 et
743 1390 793 1444 pro
806 1377 916 1428 statuto
929 1372 1067 1428 habeatur
