3376 5108
348 341 409 409 140
779 361 893 408 ennon
917 359 1009 408 Boou
1033 363 1054 407 n
1338 345 1504 429 [1559-60

415 517 458 572 W.
485 517 581 572 Power
600 517 772 573 christoforo
796 515 915 587 Srnythe
935 515 1011 586 Step.
1034 515 1093 569 Bell
1112 516 1181 572 Tho.
1202 516 1290 587 Berye
1308 517 1376 570 Tho.
1398 517 1505 572 Bastuli

416 606 543 661 Roiando
555 607 664 661 Burrell
680 607 723 662 Jo.
741 605 869 661 Johnson
887 605 955 661 Tho.
974 607 1083 676 Leugar
1097 607 1142 662 Jo.
1161 607 1298 662 Robertes
1316 608 1389 663 Petr.
1406 608 1503 664 Stock·

416 692 478 747 dele
488 691 530 747 W.
540 692 619 746 Allot
667 693 837 748 9Februarii
845 693 863 747 J
864 711 888 748 o.
902 692 988 747 Aldor
998 692 1119 747 Roberto
1130 693 1217 747 Hales
1227 693 1355 748 Matthoo
1368 693 1505 748 Matthew

418 781 546 835 Mutthso
570 782 654 835 Trott
678 782 766 838 Anth.
792 781 900 836 Foorde
924 781 1015 837 David
1046 782 1147 837 Powell
1171 783 1251 838 Geor.
1281 783 1410 853 Hagarth
1435 782 1503 837 Tho.

417 868 593 940 Wylkynson
612 868 722 924 Adamo
741 869 847 925 Neison
865 871 941 925 Jaeo.
960 869 1115 926 Chambers
1133 871 1284 926 Vincentio
1304 871 1400 926 Crofte
1419 871 1505 925 Fran-

417 957 491 1012 cisco
515 957 614 1012 Nevell
636 959 707 1013 Geli.
733 958 860 1012 Johnson
885 959 928 1013 Jo.
955 958 1091 1014 Clarkson
1111 959 1180 1013 Tho.
1201 959 1290 1014 Daris
1312 959 1390 1014 Jaoo.
1412 959 1505 1014 Cooke

418 1047 486 1100 Tho.
516 1045 643 1101 Asboton
667 1047 710 1100 W.
737 1045 885 1101 Simondcs
910 1045 1055 1116 Rodolpho
1082 1046 1214 1101 Tunstall
1238 1046 1309 1101 Galf.
1337 1047 1428 1102 Becke
1470 1051 1505 1102 23

419 1134 563 1190 Februarii
586 1135 654 1190 Rad.
675 1135 775 1190 Serton
795 1136 838 1190 W.
866 1135 987 1190 Peoocke
1011 1136 1053 1190 ita
1077 1137 1109 1189 vt
1127 1135 1228 1190 horum
1245 1135 1366 1191 duorum
1384 1135 1505 1190 eruditio

416 1221 587 1294 approbetur
604 1240 655 1294 per
672 1223 876 1277 examinatores
894 1222 979 1276 huius
997 1223 1064 1278 anni
1551 1281 1555 1289 ,

346 1309 516 1365 Conceditur
534 1315 551 1365 9
570 1309 715 1365 Februarii
733 1310 776 1364 Jo.
796 1309 917 1364 Andrew
938 1314 971 1364 vt
990 1314 1021 1363 ll
1043 1311 1156 1364 termini
1174 1328 1240 1365 cum
1261 1312 1382 1366 termino
1401 1311 1505 1382 inquo

416 1398 446 1452 in
470 1397 575 1469 quibus
595 1398 728 1453 lectiones
746 1397 901 1452 ordinarias
924 1397 1036 1453 audiuit
1056 1397 1122 1452 licet
1143 1417 1199 1453 non
1218 1400 1333 1454 omnino
1350 1399 1505 1455 secundnm

416 1485 535 1539 formam
553 1485 657 1540 statuti
675 1502 740 1540 cum
758 1489 810 1539 etc.
830 1485 972 1539 sufficiant
991 1485 1016 1539 ei
1034 1483 1070 1539 ad
1089 1485 1314 1556 respondendum
1332 1487 1475 1557 questioni

347 1571 517 1628 Conceditur
532 1572 629 1627 eodem
646 1571 779 1644 Cipriano
796 1572 898 1627 Valere
914 1572 1034 1643 hispano
1050 1577 1118 1627 nato
1134 1578 1164 1628 et
1180 1573 1299 1628 educato
1316 1574 1345 1628 in
1362 1573 1505 1629 academia

418 1661 580 1731 Hispalensi
594 1659 640 1714 vbi
653 1677 703 1731 per
713 1671 762 1714 'ser
774 1677 863 1714 annos
875 1659 1030 1716 dialecticis
1038 1665 1068 1715 et
1077 1661 1278 1732 philosophicis
1289 1661 1380 1717 literis
1392 1679 1505 1733 operam

417 1749 496 1804 dedit
519 1749 640 1820 peractis
659 1748 778 1818 singulis
802 1748 831 1802 in
856 1747 953 1804 eedem
978 1748 1121 1804 academia
1142 1767 1197 1820 que
1217 1750 1253 1805 ad
1274 1748 1506 1805 bachalaureatus

416 1839 534 1910 gradum
546 1842 677 1909 spectent
689 1841 722 1891 vt
735 1837 825 1908 possit
841 1837 888 1891 hic
903 1838 1027 1908 cooptari
1045 1837 1075 1892 in
1090 1855 1240 1893 numerum
1257 1837 1505 1893 bachalaureorum

416 1928 446 1982 in
465 1926 574 1981 artibus
593 1926 634 1980 sio
656 1930 687 1980 vt
708 1943 758 1996 per
780 1926 986 1980 examinatores
1005 1926 1090 1981 huius
1112 1927 1180 1981 anni
1204 1927 1265 1982 eius
1284 1927 1406 1981 eruditio
1426 1927 1506 1998 prius

417 2013 588 2086 approbetur
604 2018 634 2069 et
652 2019 684 2068 vt
702 2017 760 2068 stet
777 2018 806 2068 et
823 2013 993 2068 determinet
1011 2030 1076 2068 oum
1093 2013 1210 2084 reliquis
1227 2015 1423 2085 questionistis

346 2103 517 2160 Conceditur
528 2102 625 2158 eodem
638 2103 681 2159 Jo.
696 2102 849 2157 Richardes
868 2107 898 2156 vt
913 2106 946 2156 10
958 2103 1072 2156 termini
1085 2103 1114 2157 in
1131 2102 1235 2174 quibus
1252 2111 1304 2160 eto.
1322 2105 1465 2160 sufficiant
1479 2105 1505 2159 ei

416 2191 452 2246 ed
465 2189 689 2263 respondendum
701 2190 841 2262 questioni

347 2280 516 2336 Conceditur
537 2285 571 2334 23
592 2278 737 2334 Februarii
760 2279 877 2349 Rogerio
897 2279 997 2334 Foster
1017 2279 1067 2350 qui
1087 2279 1140 2334 hoc
1161 2297 1235 2334 anno
1256 2281 1413 2336 collectoris
1430 2281 1505 2336 inter

417 2369 558 2440 sophistes
576 2385 691 2423 munere
708 2371 753 2422 est
768 2367 934 2438 perfunctus
952 2371 983 2420 vt
1002 2371 1064 2421 octo
1084 2367 1198 2422 termini
1214 2366 1360 2439 inquibus
1379 2371 1431 2424 eto.
1449 2368 1505 2423 sui·

419 2458 515 2513 finiant
527 2457 552 2512 ei
564 2456 601 2511 ad
613 2454 838 2528 respondendum
854 2455 995 2526 questioni
1010 2455 1145 2526 quoniam
1157 2455 1266 2511 diutius
1282 2461 1428 2528 expectare
1445 2457 1505 2512 sine
1534 2517 1545 2526 ,

419 2560 520 2617 magno
532 2563 583 2600 suo
594 2544 765 2599 detrimento
777 2560 833 2598 non
845 2544 935 2615 possit

228 2727 248 2786 i.
266 2729 303 2788 57
319 2749 337 2786 a
350 2726 518 2783 Conceditur
531 2729 565 2780 15
578 2725 675 2780 Martii
688 2725 831 2796 Stephano
843 2725 984 2796 Velynger
997 2728 1029 2778 vt
1043 2728 1076 2777 12
1089 2724 1203 2779 termini
1215 2725 1245 2778 in
1257 2723 1361 2795 quibus
1373 2724 1506 2780 lectiones

419 2813 575 2870 ordinarias
593 2812 704 2868 audiuit
721 2812 786 2866 licet
805 2830 861 2866 nou
879 2812 994 2866 omnino
1012 2810 1166 2866 secundum
1186 2812 1305 2866 formam
1321 2813 1423 2868 statuti
1440 2831 1505 2867 oum

419 2901 643 2975 oppositionibus
667 2900 894 2972 responsionibus
921 2904 950 2954 et
973 2900 1037 2954 aliis
1060 2900 1200 2954 exercitiis
1224 2918 1274 2971 per
1298 2901 1373 2970 regis
1396 2905 1507 2956 statuta

419 2989 563 3062 requisitis
574 2988 716 3043 sufficiant
727 2987 752 3043 ei
765 2987 801 3042 ad
814 2986 1039 3059 respondendum
1051 2987 1193 3058 questioni
1202 2993 1232 3042 et
1243 2988 1365 3042 finaliter
1375 2987 1505 3044 determi-

420 3079 545 3134 nandum
570 3095 635 3132 cum
659 3077 759 3130 ceteris
783 3075 979 3147 questionistis
1002 3075 1087 3129 huius
1111 3076 1178 3130 anni
1202 3077 1243 3130 sic
1267 3081 1362 3131 tamen
1387 3083 1419 3132 vt
1446 3078 1507 3132 eius

421 3167 541 3223 eruditio
554 3167 632 3239 prius
644 3165 820 3220 examinetur
831 3168 860 3218 et
876 3163 1048 3234 approbetur
1059 3181 1109 3234 per
1124 3164 1327 3219 examinatores
1343 3165 1427 3220 huius
1439 3166 1506 3220 anni

421 3261 451 3312 et
462 3260 520 3312 stet
536 3256 675 3326 reliquum
692 3253 904 3325 quadragesime
919 3270 984 3307 cum
997 3253 1097 3307 ceteris
1113 3253 1308 3323 questionistis
1320 3255 1387 3325 quie
1398 3254 1506 3310 diutius

421 3347 567 3415 expectare
578 3343 640 3396 sine
651 3359 702 3395 suo
714 3357 815 3410 magno
827 3339 997 3394 detrimento
1010 3357 1065 3393 non
1078 3340 1169 3411 possit

352 3434 458 3490 Eadem
470 3431 561 3503 gratia
572 3429 671 3486 eodem
682 3429 845 3484 conceditur
856 3427 900 3483 W.
915 3428 1041 3484 Helocke

352 3521 591 3580 Determinatorss
609 3519 715 3589 collegii
735 3518 846 3588 Regaiis
864 3516 917 3571 hac
932 3515 1146 3587 quadragesima
1162 3516 1266 3587 quibus
1282 3517 1360 3571 nulla
1376 3534 1505 3572 concessa

422 3626 513 3681 neque
524 3609 615 3680 petita
626 3610 670 3661 est
686 3606 777 3677 gratia
793 3609 861 3661 sunt
878 3606 1011 3676 Rogerius
1024 3605 1118 3661 Goode
1135 3605 1203 3660 Tho.
1218 3606 1344 3661 Hatcher
1355 3606 1398 3664 Jo.
1413 3607 1505 3661 Cooko

422 3703 452 3753 ot
464 3697 522 3751 Rio.
536 3695 725 3766 Bridgewater
