3376 5108
336 345 399 408 142
768 357 882 408 onnon
904 357 996 406 soon
1019 358 1043 405 Δ
1325 341 1492 426 [1559-60

209 509 231 570 f.
248 509 286 572 57
301 510 321 568 b
334 509 399 566 Vna
407 525 472 565 cum
483 508 540 564 hiis
551 509 718 580 incepenmt
729 526 763 564 ex
775 509 889 580 collegio
902 507 988 579 Regio
997 507 1102 579 quibus
1114 507 1193 563 nulla
1204 507 1295 580 gratia
1303 507 1394 579 petita
1402 523 1493 578 neque

404 596 576 669 dispensatio
587 613 719 652 concessa
730 595 837 652 domini
851 597 929 670 Ryve
943 595 1101 668 Reynoldes
1113 597 1238 652 Tomson
1250 601 1279 651 et
1291 596 1393 668 Tayler

653 1031 742 1096 Ordo
764 1030 966 1096 senioritatis
989 1030 1165 1096 eorundem

474 1213 516 1268 Mr
528 1213 663 1287 Bulleyne
825 1215 867 1270 Mr
879 1214 1005 1288 Brydges
1180 1217 1222 1272 Mr
1234 1217 1323 1289 Gwyn

476 1303 518 1368 M?
532 1303 641 1359 Wattes
826 1305 868 1359 Mr
881 1305 1031 1361 Ronlande
1043 1306 1073 1377 (J
1074 1307 1111 1376 o.)
1181 1306 1222 1361 Mt
1234 1307 1356 1362 Tomson

474 1392 517 1447 Mt
530 1393 628 1448 Dowse
826 1394 1065 1466 Mrcartewright
1180 1396 1342 1468 M'Lynley

475 1483 518 1536 Mr
529 1481 625 1538 Todde
827 1483 869 1537 Mr
881 1483 1020 1539 Renoldes
1180 1483 1222 1538 Mr
1234 1484 1324 1555 Legge

476 1569 518 1624 Mr
531 1570 669 1626 Dethiclse
828 1571 870 1626 Μπ
882 1572 1018 1628 Marshall
1183 1573 1225 1628 Μ’
1236 1573 1342 1645 Gregge

475 1658 517 1713 Μτ
528 1658 647 1730 Smythe
660 1659 688 1730 (J
691 1661 728 1728 o.)
827 1661 868 1715 Mr
881 1661 1001 1717 Ranerm
1181 1662 1223 1717 Mr
1235 1661 1337 1732 Taylor

475 1745 518 1800 Mr
530 1747 605 1802 Inue
827 1748 868 1802 Mr
880 1748 1006 1804 Gowlton
1182 1749 1224 1804 ΜΤ
1236 1748 1342 1804 Hickes

475 1834 517 1889 Mr
530 1835 647 1907 Hughes
825 1835 867 1890 Mr
879 1836 1032 1892 Shereman
1179 1838 1221 1893 Mr
1234 1837 1312 1892 Price

476 1924 518 1979 M:
531 1924 606 1980 Reve
618 1924 720 1998 [Ryve]

530 2064 613 2119 Mem.
627 2063 701 2136 quod
713 2064 845 2119 dominus
858 2063 952 2135 Longe
964 2081 1020 2119 non
1033 2065 1162 2121 interfuit
1174 2067 1296 2122 comitiis

740 2169 832 2224 neque
844 2153 1030 2225 inauguratus
1042 2159 1086 2209 est

561 2569 779 2634 Praeticantes
802 2569 835 2633 in
860 2569 1020 2633 medicina
1043 2577 1076 2634 ei
1099 2569 1263 2656 chirurgia

335 2764 503 2820 Conceditur
527 2771 562 2820 24
586 2766 754 2822 Novembris
782 2767 922 2822 willelmo
953 2767 1076 2824 Holland
1105 2772 1137 2822 vt
1161 2769 1287 2823 studium
1313 2773 1343 2824 et
1367 2767 1490 2840 practica

404 2854 558 2909 muliomm
581 2872 720 2910 annorum
744 2856 773 2909 in
798 2855 939 2925 chirurgia
963 2856 1084 2910 sufficiat
1107 2857 1133 2910 ei
1157 2855 1193 2910 ud
1221 2856 1432 2927 pneetieandum
1459 2857 1488 2909 in

404 2941 502 2996 eadem
526 2942 660 2998 facultate
684 2943 725 2997 sic
749 2946 780 2997 vt
804 2943 865 2997 eius
889 2942 1011 2997 eruditio
1035 2943 1114 3013 prius
1138 2944 1315 2998 examinetur
1339 2948 1368 2998 et
1391 2959 1488 3014 appro-

405 3028 488 3084 betur
504 3046 555 3101 per
572 3029 699 3084 doctores
715 3028 842 3101 Wendye
859 3029 974 3085 Wallser
992 3036 1022 3085 et
1039 3030 1155 3086 Bouude
1173 3035 1203 3085 et
1221 3047 1271 3102 per
1288 3047 1375 3084 vnum
1393 3047 1489 3085 eorum

403 3121 582 3187 presentetur
604 3117 718 3172 domino
743 3117 969 3173 vicecancellario
994 3119 1024 3173 in
1048 3119 1131 3189 plena
1159 3119 1373 3190 congregacione
1396 3135 1490 3188 regen-

404 3206 478 3260 tium
501 3213 530 3259 et
554 3205 651 3260 literas
675 3205 779 3261 habeat
803 3205 888 3261 huius
908 3212 1001 3262 vestre
1025 3208 1210 3263 concessionis
1233 3207 1324 3278 sigillo
1348 3207 1490 3262 communi

404 3293 540 3363 sigillatas
612 3293 794 3348 Presentatus
812 3312 862 3366 per
879 3292 1022 3349 doctorem
1041 3295 1155 3350 Wallser
1175 3299 1207 3348 15
1227 3294 1390 3350 Decembris

333 3381 503 3436 Conceditur
522 3384 554 3434 15
572 3381 701 3436 ianuarii
721 3381 844 3438 Roberto
862 3381 973 3438 Britiffe
992 3387 1025 3437 vt
1044 3381 1172 3437 studium
1190 3387 1220 3436 et
1237 3383 1361 3454 practica
1382 3389 1490 3455 septem

402 3485 540 3523 annorum
559 3469 588 3523 in
607 3470 746 3526 medicine
763 3472 886 3528 sufficiat
903 3473 929 3527 ei
950 3470 986 3526 ad
1004 3471 1217 3542 praotieandum
1236 3472 1265 3524 in
1283 3471 1380 3526 eadem
1399 3472 1441 3525 ita
1458 3477 1491 3526 vt

403 3559 464 3612 eius
481 3557 602 3613 eruditio
620 3558 699 3629 prius
716 3559 893 3614 examinetur
916 3563 945 3613 et
962 3557 1133 3630 approbetur
1151 3574 1201 3628 per
1218 3557 1346 3612 doctores
1365 3557 1491 3612 Haicher

403 3651 433 3701 et
451 3645 535 3700 Gerre
552 3649 582 3699 ct
599 3649 777 3716 presentetur
795 3645 824 3699 iu
843 3647 926 3717 plena
944 3645 1156 3715 congregatione
1175 3663 1224 3716 per
1241 3662 1328 3698 vnum
1347 3661 1442 3699 eorum
1461 3648 1491 3701 et

404 3732 507 3788 habeat
523 3732 620 3787 literas
636 3737 729 3787 vestre
747 3733 934 3789 concessionis
951 3735 1088 3804 sigillatas
1106 3733 1197 3804 sigillo
1213 3734 1355 3788 communi
1427 3733 1488 3788 Pre-

402 3827 532 3878 sentatus
549 3840 599 3894 per
615 3821 758 3877 doctorem
777 3821 862 3878 Oarre
880 3826 898 3877 9
917 3823 1060 3878 Februarii

332 3911 503 3967 Conceditur
515 3915 549 3966 lt
561 3910 690 3965 Januarii
704 3911 848 3965 Leonardo
860 3911 976 3982 Duffyld
989 3917 1021 3966 vt
1032 3910 1160 3966 studium
1173 3917 1202 3966 et
1218 3909 1310 3964 multa
1325 3910 1449 3981 practica
1461 3911 1490 3966 in

403 3999 543 4069 chimrgia
559 3999 681 4052 sufficiat
696 3999 721 4052 ei
739 3997 775 4053 ad
791 3999 1004 4070 praetieandum
1023 3999 1053 4053 in
1070 3999 1168 4054 eadem
1187 3999 1275 4054 sicvt
1291 3997 1352 4052 eius
1369 4000 1491 4068 cognitio

403 4089 481 4158 prius
498 4087 671 4159 approbetur
688 4104 738 4158 per
755 4087 884 4142 doctores
901 4087 1015 4143 Welker
1032 4091 1062 4143 et
1080 4087 1165 4142 Carne
1183 4091 1212 4141 et
1232 4085 1342 4157 publice
1360 4087 1390 4140 in
1409 4088 1492 4158 plena

402 4175 615 4245 congregatione
637 4175 795 4245 regentium
820 4192 870 4245 per
894 4191 982 4229 vuum
1008 4192 1104 4229 eorum
1134 4179 1312 4246 presentetur
1334 4181 1364 4229 et
1388 4173 1492 4229 habeat

402 4263 500 4317 literas
511 4267 604 4318 vestre
615 4264 802 4318 concessionis
813 4264 952 4336 sigillatas
963 4263 1054 4338 sigillo
1066 4264 1208 4320 communi
1282 4263 1334 4318 Per
1349 4259 1490 4319 doctorem

403 4351 488 4408 Gerre
