3394 5114
215 358 381 444 latr-⁷3]
646 375 760 423 aaron
782 374 875 424 acon
899 375 921 422 a

212 528 317 584 Webbe
455 529 499 584 Jo.
599 528 716 584 Browne
846 529 912 584 Bon
986 528 1094 584 Boothe
1232 571 1281 626 Tri

213 615 323 672 Bobbet
459 617 552 673 rema.
600 617 731 688 nigrino
844 661 881 716 Jo
987 616 1077 671 omna
1282 613 1288 626 ·

212 703 312 760 Rudde
602 706 730 778 Wyneoll
882 704 889 717 '
987 703 1116 758 Fletcher
1233 703 1279 758 Be.

214 794 306 866 ouyn
319 725 481 868 [onyngei
502 751 583 806 ⁰¹³¹*
601 794 700 866 arwyn
847 793 904 849 cu
986 791 1149 847 rhomam
1233 792 1299 846 ma

214 882 282 937 nar
345 985 355 1124 ξ
460 882 533 954 aeg„
844 881 909 953 aeg.
987 879 1114 1022 naen}
1232 924 1356 996 Regina,

459 1014 523 1069 chr.

213 971 336 1026 Jaokson

215 1059 334 1116 Kendall

651 1011 657 1025 .
986 968 1087 1040 Barley

600 1060 707 1114 Harvie
845 1059 902 1113 Tri.
986 1057 1075 1112 Wood
1230 1058 1271 1113 Je.

215 1148 278 1220 Byll
598 1148 710 1220 Awsyld
987 1147 1059 1202 Han.
1072 1145 1200 1202 Johnson
1233 1147 1307 1202 Pem.

213 1150 382 1392 Mondford=
459 1235 524 1306 aeg.
599 1162 722 1302 Gibsoni
845 1192 911 1262 Μ’
986 1236 1051 1306 May
1230 1236 1274 1290 Jo.

214 1324 312 1378 Amiso
600 1327 696 1382 Oarier
987 1324 1103 1396 Pulleyn
1230 1326 1287 1380 Tri.

215 1412 361 1484 Hampton
459 1415 515 1470 Tri.
601 1414 762 1469 Forocroite
845 1368 888 1424 ’,θ’
986 1410 1095 1466 Turner
1230 1455 1267 1509 Jo

215 1499 326 1554 Ducket
457 1501 514 1556 Tri.
600 1501 741 1556 Boemond
844 1498 901 1554 Tri
985 1498 1116 1554 Webster
1269 1499 1274 1510 “

215 1588 339 1643 Thaxter
459 1633 517 1688 Ben
599 1589 617 1643 J
618 1607 642 1644 ο.
656 1589 764 1660 Ooopor
843 1587 861 1642 J
862 1605 887 1642 o.
987 1587 1125 1737 Brogden}
1231 1631 1280 1686 Tri

213 1602 390 1748 Jenkynsoni
519 1677 526 1689 '
600 1678 668 1732 Best
844 1677 900 1731 Tri.
986 1676 1101 1748 Gybson
1281 1673 1288 1685 ’

214 1764 343 1821 Whilsha
456 1765 500 1821 Je.
599 1765 794 1822 Ri.Hn1rison
844 1766 901 1822 Tri.
987 1765 1083 1821 Panell
1233 1765 1299 1819 Kat.

214 1851 294 1907 West
460 1852 506 1908 Be.
602 1853 748 1925 Philippus
761 1852 832 1908 Har-
987 1853 1102 1908 Gittona
1232 1853 1308 1907 Pom.
1365 1885 1370 1895 ,

215 1939 288 1995 Gaze
460 1939 531 1994 Olor.
635 1941 711 1996 rison
846 1941 902 1996 Tri.
988 1941 1109 1996 Bownell
1235 1942 1308 1995 Pem.

216 2026 393 2098 Wadyngton
459 2027 517 2082 Oia
600 2026 773 2082 Richardson
845 2028 888 2083 Jo.
986 2029 1093 2083 Flower
1230 2027 1272 2083 Je.

217 2115 321 2170 Foorth
459 2116 502 2171 Ja
601 2117 692 2172 Baker
986 2118 1028 2173 W.
1043 2118 1170 2174 Johnson
1232 2119 1357 2190 Reginal.

217 2205 272 2259 Bri.
288 2205 393 2260 Burton
460 2204 541 2260 orare
602 2206 694 2260 Pount
725 2235 730 2247 ›
846 2202 902 2259 Tri.
988 2205 1082 2260 lewes
1232 2206 1275 2262 Jo.

217 2293 318 2346 Farrar
503 2335 508 2346 .
603 2249 725 2347 Randesi
1156 2298 1208 2349 120

216 2379 313 2435 Hornc
462 2335 518 2390 ΤΗ
603 2380 703 2434 Mariis
847 2380 865 2434 J
867 2399 891 2435 o.

216 2613 386 2667 Conceditur
410 2616 442 2669 17
463 2612 592 2667 Januarii
612 2611 727 2667 domino
748 2611 817 2667 Gab.
837 2613 924 2682 Argoi
947 2613 977 2667 in
1001 2612 1143 2670 academia
1168 2614 1318 2671 Oxoniensi
1342 2617 1372 2672 in

287 2700 396 2754 artibus
412 2699 596 2754 bachalaureo
613 2705 645 2755 vt
663 2702 701 2756 sit
719 2701 765 2756 hic
781 2701 856 2773 apud
876 2719 925 2756 voa
944 2704 973 2756 in
990 2702 1105 2757 eiiedom
1124 2702 1222 2758 ordine
1238 2705 1326 2774 gradu
1344 2715 1373 2761 et

288 2789 384 2844 ordine
403 2790 465 2860 (sie)
485 2789 589 2861 quibus
610 2790 665 2845 fuit
687 2790 715 2844 in
737 2789 815 2845 dicta
835 2791 977 2845 academia
998 2792 1148 2847 Oxonienai
1193 2793 1373 2850 Presentatus

288 2877 386 2932 eodem
404 2895 454 2948 per
472 2879 637 2948 magistrum
656 2878 850 2950 Goldyngham

219 2965 388 3020 Conceditur
412 2972 441 3020 5⁰
461 2966 622 3022 Decembris
643 2968 786 3038 magistris
808 2967 922 3023 Murton
943 2973 973 3022 et
996 2968 1127 3024 Hemond
1148 2973 1180 3025 vt
1200 2970 1259 3025 sint
1280 2975 1374 3025 vestra

288 3054 456 3109 auctoritaie
471 3053 581 3123 judices
598 3058 628 3108 et
645 3056 851 3110 examinatores
868 3057 1119 3126 questionistarum
1140 3057 1225 3112 huius
1244 3059 1312 3113 anni
1333 3061 1374 3114 sic

290 3148 322 3198 vt
345 3161 438 3198 coram
463 3147 563 3197 senatu
590 3137 762 3198 sententiam
786 3161 867 3198 suam
891 3144 927 3198 de
950 3145 1067 3200 ciisdem
1095 3146 1187 3200 ierant
1215 3146 1244 3200 in
1268 3148 1375 3202 virtute

285 3231 440 3302 juramenti
454 3231 532 3302 prius
543 3248 594 3301 per
606 3231 681 3302 ipsos
694 3231 872 3287 uniuersitati
886 3233 997 3304 prestiti
1030 3233 1107 3288 Nota
1119 3237 1150 3288 vt
1162 3235 1288 3305 proximo
1300 3253 1375 3290 anno

288 3318 493 3373 determinetur
515 3335 551 3372 an
577 3324 770 3390 procuratores
793 3319 917 3375 habeant
941 3338 1035 3376 vocem
1060 3323 1219 3392 negativam
1240 3325 1374 3394 quoniam

288 3408 381 3461 senior
397 3413 560 3479 procurator
576 3409 629 3462 hoo
645 3425 720 3462 anno
737 3408 807 3463 iliud
824 3409 990 3464 vendicabat
1006 3427 1056 3481 per
1070 3411 1221 3481 antiquum
1232 3415 1374 3467 statutum

621 3871 771 3958 Magistri
794 3875 828 3938 in
850 3875 976 3940 artibus
1389 3889 1513 3952 allos

220 4061 390 4116 Conceditur
408 4064 487 4116 sexto
504 4060 550 4116 die
569 4059 666 4115 Martii
684 4059 798 4115 domino
816 4060 943 4117 Gilberto
961 4062 1129 4120 Baclrhowse
1148 4073 1180 4122 vt
1199 4086 1299 4124 novem
1321 4075 1375 4126 ter-

290 4150 360 4205 mini
372 4155 437 4222 post
448 4151 560 4205 finalem
572 4150 634 4205 eius
645 4148 910 4205 determinationem
922 4150 1065 4223 inquibus
1077 4153 1210 4210 lectiones
1221 4159 1376 4215 ordinarias

290 4238 400 4294 audivit
423 4238 490 4293 licet
514 4255 569 4293 non
592 4237 708 4292 omnino
732 4237 886 4292 secundum
910 4239 1030 4295 formam
1053 4243 1156 4297 statuti
1180 4263 1242 4300 cum
1267 4251 1376 4319 opposi-

289 4325 416 4381 cionibus
446 4323 674 4396 responsionibus
704 4324 822 4396 aliisque
851 4328 990 4382 exercitiis
1019 4347 1069 4400 per
1096 4335 1206 4386 statuta
1234 4336 1377 4405 requisitis

290 4415 432 4469 sufficiant
449 4415 474 4468 ci
493 4415 529 4470 ad
547 4413 739 4484 incipiendum
757 4415 787 4469 in
805 4414 915 4471 artibus
