3344 5110
147 367 311 452 1544-45]
583 386 695 436 ennon
717 387 810 436 soon
833 387 855 436 Δ

598 895 844 982 [ress-1545]

144 1104 257 1170 Gratis
287 1127 436 1170 concesse
465 1104 498 1169 in
529 1105 627 1190 plena
655 1104 905 1193 congregatione
933 1105 1134 1194 Regentium
1169 1114 1204 1172 et
1234 1120 1331 1181 nont
1349 1119 1396 1178 th

232 1209 431 1295 Regentium
455 1231 475 1272 a
495 1209 577 1274 festo
595 1209 699 1274 sancti
716 1209 886 1275 Michaelis
900 1209 1098 1298 Archangeli
1113 1232 1199 1276 anno
1215 1214 1300 1277 1544

232 1335 331 1399 vsque
351 1313 393 1378 ad
418 1313 504 1378 idem
525 1314 645 1378 festum
665 1323 786 1380 extunc
808 1313 954 1401 proxime
975 1336 1114 1401 sequens
1163 1315 1300 1381 doctori-

231 1417 292 1482 bus
308 1417 446 1503 Smythe
462 1426 497 1483 et
513 1417 634 1482 Perker
648 1418 919 1484 vicecancellariis
945 1427 980 1484 et
995 1419 1159 1505 magistris
1174 1419 1302 1486 Joanne

230 1521 362 1606 Rayner
383 1533 417 1585 et
440 1521 594 1606 Gregorio
617 1521 743 1586 Barker
764 1521 1027 1608 procuratoribus

145 1673 179 1727 In
197 1673 298 1744 primis
314 1673 478 1730 conceditur
496 1679 527 1728 vt
540 1689 639 1729 omnes
656 1674 747 1744 gretie
764 1673 941 1730 admittende
955 1677 986 1730 et
1001 1673 1175 1732 concedende
1190 1695 1240 1749 per
1253 1678 1300 1734 dc·

213 1762 323 1817 minum
342 1762 597 1818 vicecancellarinm
615 1761 744 1818 doctores
762 1762 837 1834 Glyn
855 1769 884 1818 et
902 1763 1047 1835 Busbye...

506 2029 735 2097 Bacobelaurei
758 2031 793 2096 in
815 2030 942 2097 artibus

145 2204 178 2260 In
191 2207 292 2278 primis
303 2207 465 2263 conceditur
477 2207 618 2263 Willelmc
630 2206 776 2278 Goldynge
787 2212 820 2262 vt
833 2211 866 2262 12
878 2207 992 2264 termini
1004 2208 1034 2264 in
1048 2208 1153 2281 quibus
1167 2209 1301 2267 lectiones

212 2294 369 2351 ordinariae
386 2294 497 2351 audiuit
516 2311 566 2366 per
584 2294 718 2350 maiorem
736 2299 846 2366 partem
866 2295 896 2348 in
914 2299 976 2349 1010
994 2312 1059 2350 cum
1077 2298 1301 2368 oppositionibus
1406 2306 1409 2312 '

210 2389 243 2437 et
255 2382 483 2453 responsionibus
498 2382 642 2453 requisitis
653 2381 794 2436 sufficiant
805 2381 831 2436 ei
847 2381 884 2436 ad
902 2380 1128 2454 respondendum
1139 2387 1282 2456 questioni

142 2470 251 2526 Eadem
259 2472 351 2541 gratia
362 2469 397 2525 de
411 2469 495 2526 verbo
507 2472 537 2525 in
550 2471 667 2526 verbum
681 2469 844 2526 conceditur
856 2468 978 2525 Roberto
988 2469 1056 2526 Man
1069 2470 1176 2529 'Ibome
1188 2474 1216 2530 N
1217 2478 1302 2534 uttell

212 2557 337 2614 Rcbertc
349 2557 491 2613 Assheton
504 2563 533 2613 et
545 2558 690 2629 Stephano
702 2557 855 2629 Nevynson

144 2646 217 2701 Item
229 2645 395 2701 conceditur
408 2645 548 2701 Gulielmo
558 2644 659 2717 Teyler
671 2649 703 2699 vt
714 2643 810 2699 decem
822 2645 937 2700 termini
949 2663 1014 2702 cum
1025 2664 1058 2701 ec
1067 2648 1096 2703 in
1105 2666 1163 2720 quo
1171 2652 1301 2711 determi-

213 2741 334 2790 naturus
345 2740 390 2790 est
399 2735 428 2789 in
437 2732 542 2806 quibus
553 2733 687 2789 lectiones
696 2733 852 2789 ordinarias
863 2733 975 2789 eudiuit
987 2752 1037 2807 per
1049 2737 1183 2794 maiorem
1192 2749 1301 2812 partem

211 2824 243 2878 in
257 2827 318 2877 toto
330 2839 394 2877 cum
407 2820 633 2894 oppositionibus
644 2827 674 2876 et
686 2820 914 2892 responsionibus
931 2823 1076 2894 requisitis
1091 2827 1233 2885 sufficiant
1247 2831 1302 2887 sibi

155 2904 159 2913 '
212 2909 250 2966 ed
267 2909 492 2983 respondendum
509 2910 650 2980 questioni

143 3001 217 3055 Item
242 2998 405 3054 conceditur
429 2998 552 3053 Henrico
578 2998 718 3070 Dylcocke
742 3003 773 3053 vt
800 3001 833 3052 12
858 2999 971 3053 termini
995 3001 1128 3072 completi
1147 3004 1177 3058 in
1197 3006 1302 3077 quibus

212 3088 347 3144 lectiones
365 3086 519 3141 ordinaries
537 3085 648 3141 audiuit
665 3102 716 3156 per
731 3086 866 3140 maiorem
884 3088 1040 3156 partemin
1058 3094 1120 3145 1010
1133 3109 1198 3148 cum
1216 3112 1300 3167 eppe

211 3173 364 3231 sitionibus
376 3181 406 3228 et
417 3171 644 3245 responsionibus
660 3173 804 3244 requisitis
818 3174 961 3230 sufficient
977 3176 1002 3231 ei
1021 3176 1057 3232 ad
1075 3179 1300 3250 respondendum

211 3262 354 3335 questioni

144 3349 250 3406 Eadem
266 3349 357 3422 gretie
369 3350 404 3405 de
416 3348 500 3404 verbo
512 3349 542 3403 in
560 3348 677 3404 verbum
689 3347 852 3404 conceditur
864 3349 1003 3406 Richardo
1015 3352 1180 3425 Longbome
1192 3359 1299 3416 Thome

212 3439 318 3495 Gentes
345 3437 449 3493 Jcanni
478 3437 577 3492 Freere
601 3437 741 3492 Gulielmc
771 3437 882 3510 Sandye
906 3437 1011 3494 Joenni
1041 3440 1118 3497 Tude
1148 3444 1298 3504 Lanoeloto

211 3527 342 3582 Tbaxton

144 3616 217 3672 item
231 3614 394 3671 conceditur
408 3613 546 3669 Eduardo
562 3613 659 3684 Rydge
677 3618 709 3668 vt
729 3617 762 3668 12
778 3614 891 3669 termini
908 3615 1058 3685 inquibus
1076 3616 1208 3676 lectiones
1225 3624 1298 3679 ordi-

212 3706 307 3760 naries
318 3702 429 3758 audiuit
445 3702 511 3756 licet
523 3719 579 3757 non
591 3703 707 3756 omnino
718 3701 872 3758 secundum
884 3704 1003 3760 formam
1017 3708 1120 3762 stetuti
1136 3726 1202 3764 cum
1213 3728 1298 3784 oppo-

211 3787 363 3849 sitionibus
379 3795 409 3846 et
425 3789 652 3862 responsionibus
667 3790 811 3861 requisitis
826 3791 969 3846 sufficiant
979 3791 1005 3846 ei
1020 3791 1056 3848 ad
1074 3797 1297 3866 respondendnm

212 3879 354 3953 questioni
378 3885 408 3934 et
427 3877 464 3934 ed
488 3877 610 3932 finaliter
633 3876 878 3934 determinandum
906 3896 971 3934 cum
997 3881 1097 3937 ceteris
1123 3883 1207 3940 buius
1230 3889 1298 3942 anni

211 3965 479 4024 detenninstoribus
498 3966 540 4021 ita
558 3965 634 4038 quod
655 3967 716 4021 eius
735 3965 856 4021 eruditio
874 3971 904 4021 et
923 3984 1015 4022 mores
1038 3969 1230 4041 approbentur
1249 3993 1299 4047 per

211 4057 385 4129 oppositures
403 4055 488 4110 huius
505 4055 573 4109 enni

144 4141 249 4199 Eadem
268 4144 359 4214 gratia
376 4141 412 4197 de
431 4141 515 4196 verbo
533 4142 563 4196 in
582 4140 699 4197 verbum
717 4141 880 4197 conceditur
900 4143 1023 4198 Henrico
1042 4145 1217 4218 Hambylton

145 4232 218 4287 Item
230 4232 392 4288 conceditur
403 4231 548 4302 Stephano
560 4229 712 4302 Nevynson
725 4233 757 4283 vt
765 4231 856 4300 gretia
865 4247 950 4300 quam
958 4233 984 4286 ei
991 4235 1168 4290 concessistis
1177 4238 1299 4296 sufficiet

213 4319 239 4374 ei
250 4319 285 4374 ad
298 4315 523 4390 respondendum
536 4317 676 4388 questioni
689 4317 823 4386 quoniam
835 4324 897 4372 tum
909 4317 1007 4372 edesse
1019 4319 1097 4374 nullo
1110 4321 1193 4376 modo
1205 4327 1299 4394 potuit

213 4409 253 4462 sic
265 4413 296 4461 vt
307 4409 368 4462 eius
384 4406 519 4460 admissio
531 4409 588 4458 stet
605 4421 655 4476 pro
669 4405 809 4474 completo
822 4405 911 4474 gradu
926 4409 955 4459 et
973 4407 1050 4462 finnii
1065 4409 1299 4470 determinatione
