3378 5126
335 349 399 411 382
769 359 883 410 enies
905 359 1043 408 soors
1134 383 1136 386 -
1325 341 1493 425 [1583-84

406 533 485 572 mum
506 519 547 572 itu
568 521 664 572 tamen
686 521 718 571 vt
739 517 799 588 ipse
820 515 850 570 in
868 515 991 570 comitiis
1011 519 1040 569 et
1061 512 1214 569 maioribus
1234 512 1376 568 aesdemie
1396 511 1490 566 causis

406 605 540 661 iuteresse
560 611 690 661 mutetur

337 693 505 748 Gonoeditur
524 697 558 748 10
575 693 645 748 Julii
664 692 798 763 mugistm
811 690 936 746 Antonio
949 689 1098 760 Wingiield
1114 690 1144 744 in
1157 689 1278 745 Gelliam
1293 706 1360 744 ‘eum
1375 687 1490 743 domino

409 781 512 852 lugeto
525 781 684 852 profecturo
696 786 728 836 vt
740 779 831 851 possit
846 777 943 833 abesse
960 795 1048 849 vsque
1064 778 1099 832 sd
1117 777 1221 832 festum
1238 778 1365 832 omnium
1381 781 1490 832 saneto·

407 885 470 923 rum
483 869 524 923 ita
536 873 568 922 vt
580 867 738 924 substituat
751 868 917 938 magistrum
930 865 1042 922 Oversll
1054 865 1243 921 substitutum

338 955 507 1010 Conseditur
524 955 621 1011 eodem
640 961 672 1010 vt
690 955 814 1009 Thomas
835 954 937 1026 Smyth
958 971 1077 1026 yeomsn
1099 953 1189 1024 possit
1210 957 1304 1008 vestra
1323 954 1492 1008 auctoritate

409 1042 510 1098 habere
523 1049 553 1098 et
566 1042 686 1114 gaudens
701 1043 790 1098 officio
807 1042 973 1097 scrutatoris
989 1059 1120 1096 vesorum
1135 1041 1195 1097 sive
1211 1059 1326 1097 munere
1342 1041 1492 1112 gugiatnris

408 1149 458 1204 per
474 1132 692 1202 resignacionem
711 1131 845 1186 willelmi
867 1131 1023 1201 Howgreve
1044 1147 1134 1202 nuper
1154 1129 1306 1201 gagietoris
1326 1129 1412 1184 vestri
1434 1129 1490 1184 ism

408 1225 525 1274 venante
538 1219 567 1275 in
579 1226 639 1275 tem
651 1220 746 1290 amplo
759 1219 842 1274 modo
854 1221 883 1274 et
896 1219 985 1274 forma
997 1235 1082 1290 quam
1095 1219 1143 1274 elii
1155 1223 1222 1274 ente
1234 1236 1299 1274 eum
1307 1219 1351 1274 vsi
1362 1221 1393 1274 et
1403 1215 1492 1289 gavisi

408 1312 476 1362 sunt
488 1311 517 1362 et
530 1325 614 1378 super
625 1308 677 1362 hac
690 1307 867 1362 concessione
876 1325 927 1362 sus
936 1308 1032 1363 literas
1043 1307 1145 1362 hebeat
1154 1307 1291 1378 sigillatae
1299 1307 1390 1378 sigillo
1398 1312 1493 1362 vestro

408 1413 552 1451 communi

339 1482 508 1538 Conseditur
520 1486 537 1536 8
547 1481 565 1536 J
568 1483 619 1536 ulii
632 1487 664 1536 vt
676 1483 803 1553 magistri
815 1483 951 1537 Ricardus
963 1482 1074 1552 Wignoi
1088 1481 1227 1538 Robertus
1242 1481 1336 1537 Bisbie
1348 1481 1390 1536 J0.
1405 1482 1493 1538 Devis

410 1571 493 1640 Hugo
506 1571 642 1642 Newbery
659 1570 702 1625 J0.
722 1571 806 1642 Kyng
822 1571 890 1626 Tho.
909 1572 999 1626 Graue
1014 1570 1057 1626 Jo.
1076 1572 1198 1626 Hermer
1215 1571 1351 1626 Rieurdus
1367 1572 1493 1644 Juqueus

408 1659 551 1715 Johsnnes
568 1659 697 1730 Herding
712 1661 870 1716 willelmus
886 1659 1032 1716 Whitfield
1048 1665 1076 1716 et
1094 1661 1170 1733 Step.
1189 1660 1319 1717 Ootsford
1335 1662 1364 1716 in
1382 1662 1493 1718 artibus

409 1747 535 1817 magistri
552 1748 611 1802 sint
627 1748 672 1802 hie
688 1749 763 1818 apud
781 1767 831 1804 vos
847 1749 946 1804 iisdem
964 1749 1060 1804 ordine
1076 1766 1150 1804 anno
1164 1753 1194 1804 et
1208 1749 1296 1820 gradu
1309 1749 1413 1821 quibus
1423 1755 1493 1806 sunt

409 1835 438 1888 in
451 1835 594 1889 academia
607 1835 757 1890 Oxoniensi

341 1921 510 1977 Conceditur
524 1922 619 1976 eodeni
634 1930 665 1977 vt
678 1923 750 1978 Hen.
766 1923 917 1994 Mennings
929 1928 959 1978 et
971 1925 1068 1978 Frenu
1082 1923 1179 1978 Jemee
1191 1924 1284 1994 legum
1300 1923 1494 1982 buecheleunei

410 2009 469 2063 sint
492 2009 537 2063 hic
561 2009 636 2080 apud
661 2029 710 2064 voe
734 2011 833 2066 iisdem
859 2011 955 2066 ordine
979 2029 1053 2066 anuo
1078 2017 1107 2066 et
1130 2012 1219 2083 gradu
1243 2012 1348 2084 quibus
1371 2019 1440 2070 sunt
1464 2015 1494 2070 in

411 2097 552 2152 aeedenssu
571 2098 719 2154 Oxouisusi
