3394 5114
797 385 910 435 anses
932 385 1025 436 soors
1047 387 1070 435 s
1339 371 1506 456 [1565-66

228 783 250 843 f·
266 783 304 844 87
319 804 338 843 ⁸
532 797 654 864 Gratius
677 795 765 862 varie
789 796 913 861 nullam
936 806 1168 864 concernentes
1191 798 1326 863 formam

349 983 520 1042 Conceditur
537 992 570 1042 14
585 987 749 1043 Decembris
765 989 901 1058 magistro
918 987 964 1044 W⁰
980 987 1091 1044 Palmer
1107 991 1140 1044 vt
1155 988 1195 1042 sit
1210 1005 1284 1043 vnus
1299 1003 1333 1042 ex
1349 985 1428 1058 rije-³
1443 1001 1505 1056 pre-

419 1073 592 1130 dicatoribus
607 1076 660 1131 hoc
674 1092 749 1130 anno
763 1092 814 1147 per
827 1074 1001 1130 wadamiam
1017 1074 1182 1131 emittendis
1197 1079 1228 1131 et
1244 1091 1328 1147 super
1341 1075 1394 1129 bac
1410 1076 1505 1128 vestra

420 1163 596 1219 concessione
608 1163 704 1219 literas
715 1163 820 1218 haheat
832 1162 995 1234 obsignatas
1006 1164 1098 1235 sigillo
1110 1168 1204 1219 vestro
1216 1163 1358 1218 communi

350 1248 456 1305 Eadem
474 1252 565 1321 gratia
583 1251 746 1307 conceditur
763 1251 860 1307 eodem
879 1251 1013 1308 Christos.
1033 1252 1141 1325 Lynley
1157 1251 1202 1308 Jo.
1221 1250 1380 1307 Woulvard
1398 1249 1506 1304 'l'boma

420 1337 567 1408 Chapman
584 1340 614 1394 in
630 1339 740 1396 artibars
756 1339 899 1411 magistris
914 1345 945 1395 et
960 1340 1059 1397 Franc.
1078 1341 1259 1412 Donyngton
1274 1355 1353 1395 sacra
1366 1337 1505 1408 theologie

420 1421 605 1482 bachalaureo
1499 1431 1507 1442 ”

351 1509 457 1565 Eadem
469 1515 561 1583 gratia
572 1515 736 1570 conceditur
746 1516 824 1570 xxix⁰
836 1516 934 1572 Martii
951 1515 1088 1572 Nioholao
1105 1515 1222 1572 Brovvne
1238 1515 1363 1570 Martino
1380 1512 1505 1584 Parkyn-

421 1617 472 1654 son
489 1601 517 1656 in
537 1602 648 1658 artibus
662 1604 805 1676 magistris
821 1607 850 1658 et
866 1603 910 1659 Jo.
928 1604 1053 1676 Tvvydall
1072 1621 1149 1660 sacre
1165 1603 1304 1674 theologie
1319 1601 1505 1658 hachalaureo

421 1688 462 1740 vto
479 1687 586 1759 Aprilis
605 1689 728 1745 Roberto
746 1689 827 1746 West
845 1691 875 1745 in
893 1689 1004 1746 artibus
1022 1691 1157 1762 magistro
1203 1690 1265 1762 iij²⁸0
1283 1689 1352 1744 Maii
1371 1679 1505 1758 mr'agistro

421 1775 539 1846 Rogerio
558 1778 647 1833 Kellia
665 1795 744 1834 sacre
761 1779 900 1851 theologie
916 1780 1065 1852 professori
1081 1780 1205 1836 iohanni
1222 1779 1328 1852 Wellys
1346 1779 1376 1834 in
1395 1775 1505 1832 artibus

420 1865 555 1935 magistro
589 1870 620 1922 et
631 1875 661 1922 x⁰
672 1867 690 1923 J
692 1868 752 1923 unii
764 1867 783 1922 J
784 1869 890 1923 ohanni
902 1867 1078 1941 Wightgyfts
1089 1874 1120 1925 et
1128 1867 1176 1924 W⁰
1186 1869 1272 1940 Paget
1280 1883 1358 1923 sacre
1366 1863 1505 1936 theologie

419 1950 604 2009 baohalnurno

346 2037 520 2095 'Conceditur
539 2046 571 2095 1⁶
590 2041 735 2098 Febnaarii
755 2041 879 2098 Roberto
900 2043 1007 2100 Jonson
1027 2043 1056 2098 in
1075 2043 1185 2099 militas
1201 2044 1336 2114 magistro
1352 2045 1385 2096 vt
1400 2039 1505 2096 habeat

420 2125 517 2182 literas
527 2128 631 2200 gradus
642 2134 672 2185 at
683 2131 905 2185 conversationis
917 2147 967 2186 sue
979 2129 1141 2202 obsignatas
1153 2129 1244 2202 sigillo
1255 2133 1349 2184 vestro
1361 2128 1503 2184 communi

349 2212 456 2268 Eadem
474 2216 565 2286 gratia
582 2216 744 2273 conceditur
761 2217 831 2289 xvij⁰
849 2218 919 2274 Maii
936 2218 1069 2290 Cipriano
1085 2217 1187 2273 Valere
1204 2217 1332 2289 Hispano
1348 2217 1377 2271 in
1394 2215 1504 2270 artibus

420 2302 554 2372 magistro

349 2387 521 2445 Conceditur
547 2395 580 2445 14
602 2391 765 2448 Decembris
787 2396 820 2447 vt
840 2393 979 2448 terminus
1000 2391 1083 2448 hodie
1104 2391 1276 2448 dissolvatur
1296 2409 1351 2446 non
1373 2390 1505 2446 obstante

420 2482 531 2534 statuto

349 2564 520 2622 Conceditur
533 2567 631 2623 eodem
646 2568 780 2640 quoniam
796 2569 857 2624 dies
871 2568 1058 2642 disputabiles
1070 2587 1121 2641 per
1132 2572 1275 2624 statutum
1288 2585 1344 2623 non
1359 2566 1504 2622 sufficiunt

420 2654 598 2711 multitudini
622 2655 871 2712 bachalaureorum
892 2658 922 2713 in
943 2656 1053 2712 artibus
1073 2657 1159 2712 huius
1179 2657 1248 2712 anni
1268 2660 1301 2711 vt
1321 2653 1423 2726 reliqui
1443 2653 1504 2708 dies

420 2761 476 2798 non
487 2743 674 2815 disputabilea
686 2761 737 2816 pro
748 2743 970 2816 disputabilibus
986 2747 1155 2800 censeantur
1170 2749 1200 2799 et
1213 2743 1373 2799 habeantur
1386 2740 1501 2797 siisdem

418 2827 611 2886 bechalaureis
627 2849 684 2887 non
702 2831 835 2888 obstante
847 2836 958 2888 statuto
969 2849 1003 2888 ea
1015 2838 1112 2887 tamen
1125 2831 1288 2887 condicione
1299 2835 1332 2886 vt
1343 2831 1373 2885 in
1385 2828 1502 2885 eiisdem

418 2917 661 2990 disputationibus
677 2923 788 2975 statuta
802 2920 880 2976 edita
891 2937 977 2992 super
988 2917 1230 2992 disputationibus
1241 2917 1442 2991 philosophicis
1454 2933 1504 2988 per

418 3007 514 3062 omnia
530 3004 714 3063 observentur
728 3008 853 3080 alioquin
870 3008 951 3064 irrita
967 3008 1006 3063 sit
1022 3024 1119 3063 eorum
1135 3007 1292 3078 disputatio
1308 3011 1339 3062 et
1356 3023 1407 3078 pro
1424 3003 1504 3060 nulla

418 3092 557 3148 habeatur

347 3179 518 3237 Conceditur
538 3180 635 3237 eodem
652 3187 684 3236 vt
703 3183 823 3254 pecunia
840 3183 963 3246 conflata
983 3199 1017 3238 ex
1035 3181 1198 3238 venditione
1216 3181 1307 3237 crucis
1329 3181 1419 3253 possit
1439 3197 1501 3252 pro

418 3269 613 3340 portionaliter
629 3269 761 3328 distribui
778 3271 897 3342 singulis
913 3270 1036 3342 collegiis
1052 3287 1108 3342 que
1125 3275 1315 3342 exposuerunt
1332 3267 1449 3325 eandem
1470 3273 1503 3323 vt

417 3355 565 3428 apparebit
585 3373 619 3412 ax
640 3357 721 3414 libris
744 3357 931 3414 rationalibus
951 3357 1104 3413 eorundem
1122 3356 1302 3427 collegiorum
1319 3373 1370 3428 per
1386 3373 1434 3411 eos
1451 3355 1502 3427 qui

416 3444 535 3500 eandem
553 3461 664 3501 nucem
682 3446 871 3502 vendiderunt

345 3531 516 3589 Conceditur
530 3538 562 3588 lt
575 3532 720 3590 Februarii
732 3537 765 3590 vt
776 3535 836 3590 dies
848 3536 928 3591 Lune
939 3539 969 3591 et
988 3534 1090 3590 Martis
1101 3533 1132 3588 in
1144 3531 1313 3589 hebdomida
1325 3530 1502 3604 carnisprivii

415 3638 473 3676 non
492 3621 551 3676 sint
569 3621 757 3694 disputabiles
778 3641 834 3678 non
856 3621 988 3678 obstante
1009 3627 1119 3678 statuto
1139 3620 1189 3676 sed
1210 3637 1261 3693 pro
1279 3618 1501 3692 disputabilibus

416 3708 575 3765 habeantur
586 3714 647 3766 tam
659 3710 695 3765 ad
708 3711 858 3782 magistros
870 3729 956 3783 quarn
968 3710 1006 3766 ad
1018 3709 1141 3766 bedellos

345 3795 516 3854 Conceditur
534 3797 596 3869 fija
617 3799 686 3854 Maii
707 3804 740 3856 vt
761 3799 876 3854 licentia
896 3798 1080 3855 concionandi
1106 3797 1241 3868 magistro
1267 3794 1460 3851 Sherbroucke
1482 3812 1501 3850 a

415 3885 496 3941 vobis
512 3903 644 3942 concessa
660 3887 751 3944 eidem
765 3891 859 3944 vestra
870 3887 1040 3943 auctoritate
1052 3885 1203 3958 abrogetur
1214 3883 1348 3956 quoniam
1360 3883 1458 3938 eadem
1470 3882 1500 3937 in

414 3973 557 4029 academie
567 3973 689 4030 dedecus
700 3979 730 4032 et
742 3979 899 4032 ceterorum
911 3976 1140 4032 concionatorum
1152 3972 1353 4028 contumeliam
1362 3971 1500 4043 superiori

414 4061 460 4116 die
472 4061 612 4118 dominico
623 4063 764 4136 plerisque
776 4070 902 4120 vestrum
914 4064 1093 4137 presentibus
1105 4063 1210 4119 abvsus
1221 4068 1265 4118 est

344 4147 516 4204 Conceditur
527 4149 596 4220 xvij⁰
608 4149 677 4205 Maii
690 4156 723 4207 vt
733 4152 926 4224 oppositiones
941 4151 978 4208 ad
994 4169 1066 4223 quos
1082 4155 1196 4207 tenetur
1212 4149 1347 4220 magister
1362 4147 1502 4203 Cardiner

415 4237 524 4293 ratione
535 4237 638 4307 gradm
652 4239 697 4293 sui
711 4240 836 4313 suscepti
852 4241 962 4312 possint
978 4240 1104 4296 converti
1120 4240 1150 4294 in
1167 4243 1290 4309 quatuor
1305 4253 1448 4292 sermones
1463 4234 1501 4291 sd

416 4323 552 4394 populum
563 4328 594 4379 et
605 4330 637 4379 vt
649 4325 818 4397 respondeat
828 4327 859 4382 in
871 4327 917 4384 die
930 4327 1031 4382 Martis
1044 4327 1171 4398 proximo

345 4411 451 4466 Eadem
463 4411 555 4481 gratia
566 4411 728 4468 conceditur
740 4413 785 4485 xxj
798 4412 879 4470 lunii
891 4415 1026 4485 magistro
1038 4414 1177 4470 Dethicke
