3408 5116
353 333 418 394 318
804 347 916 394 onnon
939 347 1030 394 soon
1054 345 1077 393 Δ
1347 327 1512 412 [1578-79

351 501 521 557 Conceditur
537 507 554 556 8
567 503 582 556 J
587 503 636 556 ulii
649 507 682 556 vt
694 503 797 573 Jasliar
810 501 922 557 Colmer
936 501 1148 556 becchalsurius
1161 501 1190 555 in
1203 500 1312 556 artibus
1325 501 1363 556 sit
1375 500 1451 572 apud
1462 519 1512 555 vos

421 591 521 646 iisdem
534 609 608 644 anno
621 591 718 645 ordine
730 597 759 645 et
771 591 860 661 gradu
872 589 976 661 quibus
988 595 1033 644 est
1044 590 1120 661 spud
1134 609 1199 645 suos
1212 590 1382 644 oxonienses

351 679 522 734 Conceditur
540 683 586 734 23⁰
602 678 682 734 Junii
698 679 724 734 d.
744 680 822 735 Geor.
842 679 940 734 Closse
959 678 988 733 in
1007 678 1166 734 accedentis
1185 678 1335 734 Oroniensi
1355 679 1383 732 in
1401 677 1511 732 artibus

421 766 622 821 beochalaureo
640 771 672 821 vt
693 767 732 821 sit
752 766 798 820 hic
816 765 892 837 apud
911 783 961 820 vos
982 765 1011 819 in
1033 765 1149 820 eiisdem
1170 765 1257 836 gradu
1276 766 1373 821 ordine
1390 771 1419 820 et
1436 783 1511 819 anno

421 855 525 925 quibus
541 855 597 910 tuit
613 855 643 908 in
656 854 732 909 dicte
744 853 887 909 academia
900 853 1051 909 Oxoniensi
1064 854 1105 908 sic
1118 858 1150 908 vt
1165 854 1257 924 grstia
1269 853 1305 908 ad
1319 853 1510 924 incipiendum

421 943 451 997 in
463 942 573 998 artibus
585 943 721 1015 superiori
733 943 779 998 die
790 961 808 998 e
821 942 900 998 vobis
912 943 953 997 illi
966 961 1097 998 concessa
1110 943 1139 996 in
1152 960 1204 997 suo
1216 941 1314 998 robore
1326 948 1488 1014 permaneat

785 1261 934 1348 Magistri
958 1262 1078 1326 artium

350 1463 520 1520 Conceditur
537 1469 554 1520 6
572 1464 717 1520 Februarii
734 1464 849 1520 domino
865 1464 909 1521 Jo.
927 1465 1030 1537 Smyth
1048 1465 1144 1538 Regali
1161 1471 1193 1522 vt
1211 1471 1228 1522 9
1246 1467 1357 1521 termini
1377 1465 1508 1538 completi

421 1559 486 1625 post
509 1553 620 1610 finalem
641 1555 702 1609 eius
725 1553 991 1609 determinecionem
1011 1553 1045 1650 p'n
1069 1553 1174 1625 quibus
1196 1556 1331 1611 lectiones
1355 1554 1509 1609 ordinarias

420 1642 530 1698 audivit
553 1643 619 1698 licet
642 1660 700 1698 non
724 1643 838 1698 omnino
862 1641 1017 1698 secundum
1041 1644 1161 1699 formam
1186 1645 1288 1700 statuti
1313 1663 1377 1700 curn
1399 1643 1507 1716 opposi-

420 1732 547 1788 cionibus
563 1731 790 1805 responsionibus
801 1736 831 1788 et
847 1732 910 1787 eliis
926 1732 1065 1786 exercitiis
1082 1749 1132 1803 per
1148 1736 1258 1788 statuta
1275 1733 1417 1804 requisitis
1432 1732 1507 1788 suffi-

420 1822 497 1876 cient
507 1822 532 1878 ei
545 1822 582 1878 ad
594 1821 784 1894 incipiendum
797 1822 827 1876 in
839 1821 949 1876 ortibus
979 1820 1044 1876 Vns
1053 1839 1119 1876 cum
1131 1839 1164 1876 eo
1177 1821 1341 1892 inceperunt
1349 1822 1385 1876 de
1393 1822 1508 1892 collegio

421 1910 507 1981 Regio
518 1911 568 1981 qui
584 1909 691 1964 nullsm
709 1910 853 1981 petierunt
869 1908 989 1980 gratiam
1006 1913 1057 1963 eut
1073 1907 1313 1980 dispensacionem
1326 1909 1352 1966 d.
1368 1908 1507 1964 ilenrious

422 1999 552 2054 Moutloe
564 1999 607 2055 Jo.
621 1999 730 2054 Tirrner
741 2004 771 2054 et
783 1999 906 2053 Thomas
919 1998 1042 2052 Thomas

350 2084 455 2140 Eadem
479 2087 569 2156 gratia
593 2085 755 2140 conceditur
781 2101 876 2140 mense
899 2084 1007 2155 Aprilis
1030 2090 1082 2138 etc
1108 2084 1143 2138 de
1168 2084 1282 2156 collegio
1306 2083 1455 2138 Trinitatis
1478 2083 1505 2138 d.

421 2172 542 2227 Roberto
555 2173 736 2243 Ottringham
755 2172 873 2226 Ricardo
885 2171 1002 2243 Wylson
1020 2171 1142 2227 Roberto
1154 2171 1256 2243 Alleyu
1275 2171 1396 2226 Roberto
1412 2171 1507 2226 Moore

420 2261 549 2317 Michaeli
571 2261 682 2317 Robbet
701 2261 777 2316 Edw.
801 2261 907 2332 Sharpe
928 2261 997 2315 Tho.
1020 2260 1115 2315 Bushe
1135 2260 1179 2315 Jo.
1203 2260 1313 2331 Medley
1336 2260 1383 2315 W⁰
1403 2260 1505 2331 Smyth

419 2349 487 2404 Tho.
508 2350 674 2405 Newoomen
700 2349 818 2404 Bicerdo
843 2349 919 2403 Inue
940 2347 983 2403 Jo.
1006 2347 1142 2418 Chomley
1163 2347 1244 2420 Bspt
1266 2349 1366 2403 Trotte
1388 2346 1506 2402 Ricardo

419 2437 521 2493 Warde
540 2439 587 2493 W⁰
608 2439 783 2510 Fynnemore
803 2437 872 2492 Tho.
893 2437 990 2493 Cleare
1010 2437 1079 2492 Tho.
1103 2437 1213 2508 Hedley
1233 2437 1316 2493 leon.
1339 2437 1437 2493 Shswe
1460 2435 1504 2493 Jo.

420 2526 530 2582 Cowart
550 2527 635 2583 Andr.
656 2528 762 2582 Psmsn
781 2527 860 2582 Ales
879 2527 1027 2581 Anderson
1047 2526 1089 2581 Jo.
1109 2526 1222 2581 Jeames
1240 2526 1358 2597 Georgio
1376 2525 1474 2582 Cloaee

350 2615 391 2669 Er
408 2615 521 2686 collegio
537 2613 595 2671 divi
609 2615 749 2670 Johannis
796 2613 822 2671 d.
838 2615 884 2668 W⁰
897 2615 1005 2686 Herrys
1022 2614 1091 2670 Tho.
1104 2614 1185 2668 West
1201 2613 1321 2669 Ricardo
1337 2613 1415 2669 Mete
1431 2613 1503 2668 Heu

419 2703 510 2775 Alvey
529 2703 650 2758 Roberto
670 2703 796 2758 Redmsn
814 2702 950 2758 Nicholso
970 2703 1085 2757 Proctor
1103 2701 1222 2757 Ricardo
1238 2701 1368 2758 Webster
1386 2701 1505 2758 Ricardo

418 2793 538 2864 Clayton
550 2792 669 2849 Ricardo
681 2792 821 2847 Wrathell
833 2793 916 2847 Petro
929 2791 1036 2862 Sharpe
1047 2790 1065 2845 J
1068 2809 1091 2847 o.
1106 2791 1244 2846 Harrison

347 2880 389 2934 Ex
410 2880 524 2950 collegio
544 2879 649 2935 Christi
696 2879 723 2936 d
744 2880 816 2934 Hen.
837 2878 1010 2949 Dillingham
1030 2879 1096 2933 Lau.
1118 2878 1194 2950 Kyte
1213 2879 1321 2936 Simoni
1341 2878 1504 2934 Bredstreet

416 2969 539 3024 Timoth.
556 2969 762 3039 Whittinghsm
779 2968 841 3022 Art.
860 2968 937 3022 Dent
952 2967 996 3022 Jo.
1014 2966 1116 3039 Smyth
1135 2967 1224 3022 Bruto
1241 2966 1408 3040 Bebyngtcn
1426 2967 1501 3022 Edw.

419 3057 513 3127 Negus
527 3057 648 3112 Reberto
660 3057 801 3127 Evington
814 3057 912 3112 Frenc.
927 3055 1033 3126 Jepson

348 3147 390 3200 Ex
405 3147 520 3216 collegio
537 3146 668 3216 Reginele
703 3144 729 3201 d.
742 3145 811 3200 Tho.
827 3146 982 3216 Puckering
997 3145 1041 3201 J0.
1055 3145 1159 3216 Smyth
1175 3163 1212 3200 se.
1226 3145 1294 3200 Tho.
1310 3145 1447 3216 Hewghee
1458 3145 1501 3202 J0.

418 3235 519 3306 Smyth
535 3235 576 3306 ju
594 3235 680 3290 Clem.
698 3235 801 3306 Smyth
819 3234 887 3290 Tho.
901 3233 1009 3307 [lton]
1022 3235 1110 3289 Alton
1130 3235 1196 3289 Lau.
1216 3235 1364 3289 Serienson
1384 3233 1503 3288 Ricardo

418 3324 526 3393 Comyn

347 3414 388 3467 Ex
413 3411 526 3483 collegio
550 3411 619 3466 Jesu
666 3409 692 3466 d.
715 3410 763 3466 W⁰
782 3411 935 3466 Bernewell
960 3409 1070 3465 Danieli
1096 3410 1187 3465 Reeve
1211 3409 1281 3467 Rob.
1302 3410 1409 3480 Pechye
1433 3409 1501 3464 Tho.

419 3501 533 3555 Francis
551 3499 595 3555 Jo.
614 3499 716 3571 Smyth
734 3499 778 3554 Jo.
798 3499 896 3554 Dodde
913 3499 961 3554 W⁰
979 3497 1199 3569 Thoroughgood
1218 3498 1265 3552 W⁰
1283 3498 1384 3569 Smyth
1405 3497 1502 3568 Georg.

418 3588 537 3659 Clopton
558 3588 629 3642 Heu.
650 3587 751 3657 Lessey

348 3677 389 3731 Ex
406 3676 520 3746 collegio
536 3675 667 3746 Corporis
679 3674 785 3730 Christi
827 3674 853 3729 d.
868 3675 936 3731 Tho.
951 3675 1144 3745 Leveryngtcn
1157 3673 1204 3727 W⁰
1219 3673 1308 3728 Reede
1320 3673 1368 3726 W⁰
1381 3673 1503 3744 Norgste

418 3763 520 3818 Brieno
537 3763 628 3816 Exton
646 3762 714 3816 Tho.
729 3761 857 3816 Plumme
874 3762 945 3816 Heu
960 3760 1096 3830 Goldinge
1108 3760 1152 3814 Jo.
1167 3760 1245 3814 West
1259 3758 1326 3814 Rob.
1341 3760 1501 3832 Wyddoson

417 3851 526 3907 Danieli
540 3850 672 3922 Godffray
685 3851 728 3906 Jo.
744 3849 858 3904 Machet
870 3850 918 3903 W⁰
930 3849 1044 3904 Mechet

348 3943 388 3996 Ex
401 3940 514 4011 collegio
526 3939 606 3994 Clare
642 3938 667 3993 d.
683 3939 779 3992 Franc.
795 3938 896 3993 Heude
909 3938 977 3994 The.
992 3937 1091 3992 Bound
1106 3935 1183 3991 Edu.
1198 3935 1322 4007 Mvnday
1333 3934 1351 3989 J
1353 3955 1376 3990 o.
1391 3938 1503 4008 Wright

416 4027 460 4081 do.
479 4027 594 4080 Bacster
611 4022 678 4078 Rob.
698 4023 817 4094 Kenyon
834 4023 877 4077 Jc.
897 4021 1075 4076 Hammonde
1094 4022 1162 4076 Tho.
1180 4021 1282 4075 Dunne
1302 4021 1421 4077 Ricardo
1440 4023 1503 4095 Key

417 4115 465 4168 W⁰
477 4115 568 4170 Green
582 4110 701 4166 Ricardo
713 4110 741 4164 N
742 4109 819 4164 owell
832 4109 912 4164 Geor.
928 4110 1073 4180 Rysheton
1087 4107 1232 4180 Redclpho
1244 4109 1349 4163 Graves

347 4206 388 4258 Ex
413 4202 478 4258 sula
503 4199 597 4256 Pemb.
646 4199 673 4253 d.
697 4197 768 4252 Hen.
790 4196 861 4251 Gold
884 4196 931 4249 W⁰
952 4196 1088 4267 Mydsone
1113 4195 1182 4250 Tho.
1206 4194 1343 4250 Wenham
1364 4197 1413 4250 W⁰
1434 4198 1503 4254 Csrr

418 4290 464 4345 W⁰
482 4289 600 4360 Danyell

348 4381 390 4434 Ex
402 4377 515 4449 collegio
526 4377 559 4432 G.
573 4381 603 4431 et
615 4375 644 4431 C.
682 4373 758 4430 Edu.
772 4373 864 4429 Baker
876 4371 1078 4429 W⁰Greenl1ill
1091 4371 1139 4426 W⁰
1151 4371 1265 4443 Cewsey
