3400 5126
180 353 345 440 1575-76]
616 371 729 420 onnon
752 370 845 420 soon
868 371 891 418 Δ

541 783 726 850 Precticens
749 784 784 850 in
811 783 973 851 medicine
1061 791 1065 802 ’

178 985 348 1041 Conceditur
359 990 376 1041 8
387 987 467 1042 Junii
482 986 564 1042 Petro
577 985 672 1042 Cottio
685 987 759 1042 Italo
771 993 803 1041 vt
818 986 946 1042 studium
961 991 991 1042 et
1005 987 1130 1059 practice
1149 995 1178 1040 1⁰
1195 1003 1335 1041 ennomm

248 1075 277 1128 in
295 1075 433 1131 medicine
449 1076 572 1130 sufficiet
587 1077 613 1131 ei
629 1077 664 1131 sd
681 1077 894 1148 practicendum
912 1077 941 1131 in
958 1075 1057 1131 endem
1074 1075 1115 1130 sic
1131 1082 1164 1130 vt
1179 1075 1258 1146 prius
1275 1075 1336 1130 eius

249 1161 370 1218 eruditio
385 1168 415 1218 et
431 1164 556 1234 cognicio
569 1165 746 1220 examinetur
761 1169 791 1219 et
807 1165 979 1236 approbetur
997 1182 1047 1236 per
1064 1163 1191 1219 doctores
1211 1163 1337 1218 Hetcher

249 1255 278 1304 et
297 1249 398 1305 Werde
414 1257 444 1306 et
459 1269 510 1322 per
525 1269 614 1306 vnum
630 1269 727 1306 eorum
744 1255 922 1323 presentetur
938 1251 1053 1307 domino
1070 1251 1294 1307 vicecancellario
1307 1251 1336 1307 in

249 1340 462 1410 congregacione
474 1341 632 1411 regentium
644 1345 674 1395 et
683 1357 768 1411 super
776 1341 829 1396 hec
837 1346 932 1396 vestre
941 1342 1119 1396 concessione
1127 1341 1225 1396 litores
1233 1339 1337 1396 bebeet

249 1427 385 1497 sig‘iietes
402 1428 493 1500 sigillo
512 1432 605 1483 vestro
623 1430 767 1486 communi
816 1429 1000 1484 Preeentetus
1019 1447 1069 1500 per
1086 1429 1230 1484 doctorem
1250 1429 1336 1484 Word

251 1515 356 1570 bJulii

180 1603 350 1660 Conceditur
362 1609 397 1660 24
409 1605 540 1661 Octobris
553 1605 677 1661 Roberto
689 1605 798 1661 Chever
810 1607 840 1660 in
851 1605 996 1661 ecedcmie
1013 1605 1165 1660 Oxoniensi
1181 1606 1211 1660 in
1225 1604 1335 1661 ortibus

251 1693 385 1763 magistro
397 1697 429 1748 vt
440 1694 478 1748 sit
489 1693 536 1748 hic
547 1692 625 1765 apud
637 1710 687 1747 vos
701 1695 731 1748 in
747 1693 864 1748 eiisdcm
878 1692 966 1763 grsdu
982 1692 1079 1747 ordine
1096 1697 1126 1748 et
1142 1710 1216 1748 enno
1232 1691 1336 1764 quibus

250 1779 306 1835 tuit
317 1781 347 1835 in
358 1781 435 1836 dicte
446 1781 591 1836 eosdemie
603 1781 757 1837 Oxoniensi

181 1867 286 1923 Eodem
307 1869 404 1924 eedem
427 1869 519 1940 gretie
542 1869 706 1925 conceditur
729 1868 870 1924 Willelmo
896 1868 1042 1940 Mydleton
1067 1873 1097 1923 et
1120 1873 1149 1923 2⁰
1173 1867 1335 1924 Decembris

252 1955 371 2012 Ricardo
389 1958 511 2030 Spenser

180 2043 350 2100 Conceditur
370 2049 387 2100 3
408 2045 552 2103 Febnrerii
577 2048 712 2118 magistro
738 2047 821 2102 Petro
846 2047 975 2102 Benene
999 2049 1128 2118 promoto
1152 2047 1276 2118 primum
1300 2047 1335 2101 sd

251 2133 369 2202 gredmn
394 2133 585 2189 becobeleurei
607 2134 709 2189 deinde
730 2135 892 2190 licentiatus
914 2136 943 2189 in
961 2134 1026 2205 juro
1046 2135 1121 2189 civili
1143 2135 1173 2188 in
1194 2133 1336 2190 uceciemie

253 2220 421 2276 Bituricensi
432 2227 463 2276 vt
475 2221 514 2276 sit
525 2220 571 2276 hic
584 2222 659 2293 epud
670 2240 719 2277 vos
732 2223 761 2277 in
773 2222 889 2277 eiisdem
902 2221 991 2293 gradu
1000 2221 1097 2278 ordine
1109 2228 1138 2277 et
1149 2239 1223 2276 enno
1232 2221 1336 2293 quibus

250 2309 306 2363 fuit
318 2311 347 2364 in
359 2310 436 2365 dicte
447 2309 592 2366 academie
604 2311 775 2366 Bituricensi
814 2312 997 2366 Prcsentatus
1009 2329 1060 2383 per
1070 2311 1213 2367 doctorem
1227 2311 1312 2382 Binge

509 2717 769 2782 Becchslunrcus
792 2716 826 2780 in
850 2715 1012 2781 medicine
1342 2677 1368 2782 ¹s.
1388 2723 1478 2782 llssb

181 2910 351 2966 Conceditur
365 2914 395 2965 ll
412 2910 480 2964 Maii
493 2910 537 2965 Jo.
552 2909 674 2981 Bishope
692 2914 724 2964 vt
737 2910 865 2965 studium
883 2913 898 2966 7
916 2926 1056 2964 annorum
1072 2910 1101 2964 in
1117 2910 1256 2965 medicina
1272 2929 1336 2966 cum

251 3000 477 3072 opposicionibus
489 3000 719 3071 responsionibus
732 3005 761 3054 et
773 3000 837 3054 eliis
853 2999 993 3053 exercitiis
1005 3017 1055 3070 per
1066 3004 1177 3054 statuto.
1194 3001 1338 3070 requisitis

252 3091 373 3144 sufficiet
393 3091 418 3144 ei
443 3089 479 3144 ed
504 3089 669 3144 intrandum
689 3090 717 3144 in
736 3089 876 3144 medicine
894 3089 935 3142 sic
953 3092 985 3143 vt
1003 3088 1172 3161 respondent
1189 3089 1218 3143 iu
1237 3088 1337 3144 babitu

253 3179 444 3234 beccheieurei
481 3179 664 3234 Pmsentetus
677 3195 727 3250 per
738 3179 881 3234 doctorem
895 3178 1008 3249 Lorkyn

560 3579 717 3644 Doctores
739 3579 773 3643 in
797 3578 960 3645 medicina

182 3770 385 3826 Conceditur?
406 3770 503 3825 Martii
521 3771 656 3841 magistro
676 3769 751 3824 Edu.
773 3767 884 3838 Doding
906 3773 938 3823 vt
959 3768 1087 3824 studium
1110 3771 1125 3825 7
1146 3785 1287 3823 annornm
1309 3767 1338 3822 in

253 3859 391 3914 medicine
415 3865 567 3932 postquem
592 3860 695 3913 rexerit
714 3859 742 3912 in
762 3858 873 3912 artibus
891 3875 955 3912 cum
975 3856 1204 3930 opposicionibus
1225 3873 1337 3927 respon-

251 3948 378 4003 sionibus
390 3953 419 4002 et
430 3948 494 4002 eliis
506 3949 647 4003 exercitiis
659 3965 709 4019 per
720 3951 832 4001 statuto
843 3946 989 4017 requisitis
1005 3945 1128 4001 sufficiet
1144 3946 1169 4000 ei
1187 3945 1222 4000 ed
1240 3945 1337 4016 incipi-

253 4037 356 4092 endum
370 4038 398 4091 in
412 4037 511 4092 eedem
523 4037 660 4092 facultate

185 4125 289 4181 Eodem
312 4126 404 4196 gretie
427 4126 590 4182 conceditur
613 4125 712 4181 eodem
736 4123 871 4194 magistro
897 4123 1047 4179 benceloto
1072 4123 1184 4178 Broune
1232 4127 1248 4177 4
1270 4123 1337 4178 Maii

253 4215 387 4284 magistro
400 4214 468 4268 Tho.
481 4215 570 4269 Wood
582 4220 612 4269 et
624 4214 760 4285 magistro
774 4213 969 4268 Bartholomco
983 4213 1078 4267 Hesth
1117 4213 1273 4267 Pnesenteti
1290 4230 1339 4284 per

253 4303 396 4358 doctorem
410 4301 523 4376 Lorkyn

1160 4515 1258 4576 19-2
