3394 5114
196 349 364 435 1565-66]
634 364 748 415 onice
770 365 863 414 soor
886 367 909 414 e

542 695 754 763 Bachalaurei
776 695 811 761 in
829 695 904 782 jure
927 694 1014 760 civili

199 866 369 922 Conceditur
380 866 443 937 viij⁰
454 866 599 922 Febniarii
612 865 742 922 Christof.
760 865 828 920 Sere
843 869 875 920 vt
891 863 1018 919 studium
1035 863 1073 934 vij
1092 880 1230 918 annorum
1247 863 1277 918 in
1294 863 1354 918 iure

270 953 345 1008 civili
358 971 422 1008 cum
434 951 659 1024 oppositionibus
671 950 901 1024 responsionibus
912 955 942 1006 et
954 951 1018 1006 eliis
1029 949 1172 1005 exercitiis
1184 967 1234 1021 per
1244 954 1355 1004 statute

269 1041 344 1111 regia
355 1040 500 1111 requisitis
512 1040 633 1095 sufficiat
645 1039 671 1094 ei
683 1039 719 1094 ad
732 1037 899 1094 intrandum
911 1039 940 1092 in
954 1037 1052 1093 eodem
1066 1038 1126 1092 iure

199 1127 369 1183 Conceditur
379 1129 456 1182 xxin’
469 1126 565 1181 Martii
577 1127 628 1181 Ed.
643 1126 757 1181 Marshe
769 1132 802 1181 vt
813 1125 942 1180 studium
955 1129 988 1180 10
1001 1142 1141 1180 annorum
1156 1125 1187 1180 in
1202 1125 1262 1180 iure
1278 1124 1354 1178 civili

270 1220 334 1287 post
354 1215 473 1286 gradum
494 1213 674 1270 bachalaurei
693 1215 723 1268 in
742 1213 851 1270 artibus
869 1214 986 1270 Oxoniis
1003 1218 1167 1284 susceptum
1185 1231 1249 1268 cum
1270 1230 1354 1285 oppo-

269 1304 420 1359 sitionibus
432 1307 483 1358 etc.
497 1301 674 1372 perficiendis
686 1301 761 1356 infra
776 1319 882 1356 annum
900 1318 950 1356 sue
966 1300 1147 1356 admissionis
1162 1299 1217 1356 sub
1234 1317 1305 1372 pena
1321 1299 1355 1353 1¹¹

268 1391 398 1463 ponenda
409 1391 439 1444 iu
452 1389 583 1445 manibus
595 1393 809 1462 procuratorum
820 1394 888 1444 ante
900 1389 961 1444 eius
973 1388 1174 1444 admissionem
1191 1389 1313 1444 sufficiat
1328 1389 1355 1444 ei

269 1480 305 1535 ad
317 1478 481 1534 intrandum
494 1479 524 1534 in
535 1477 634 1534 eodem
646 1479 707 1534 iure
720 1478 838 1550 (pemgit
846 1478 942 1532 omnis
953 1477 1054 1549 mcrp.)

538 1812 778 1878 Bachalaureus
801 1811 835 1876 in
859 1810 1024 1898 theologia

199 1976 369 2032 Conceditur
380 1981 412 2032 21
426 1977 444 2031 J
447 1977 507 2032 unii
519 1977 654 2048 magistro
667 1975 807 2031 Willelmo
821 1975 989 2031 Chatterton
1002 1978 1035 2030 vt
1046 1974 1174 2029 studium
1187 1991 1355 2029 vannorum

269 2066 299 2120 in
311 2065 450 2136 theologia
461 2071 613 2137 postquam
626 2064 729 2120 rexerit
741 2066 770 2120 in
783 2063 893 2119 artibus
905 2081 970 2118 cum
983 2062 1208 2134 oppositionibus
1218 2063 1355 2134 responsi-

270 2153 372 2208 onibus
384 2157 413 2208 et
425 2153 488 2207 aliis
499 2153 640 2207 exercitiis
652 2169 702 2223 per
715 2152 791 2222 regia
803 2154 913 2206 statuta
930 2151 1074 2220 requisitis
1092 2149 1268 2222 perficiendis
1283 2150 1357 2205 infra

271 2258 377 2296 annum
398 2245 464 2312 post
484 2241 545 2295 eius
566 2239 767 2295 admissionem
788 2239 842 2294 sub
863 2256 935 2311 pena
956 2237 1001 2310 vj¹¹
1023 2237 1152 2309 ponenda
1173 2239 1203 2293 in
1225 2238 1357 2292 manibus

271 2334 486 2400 procuratorum
498 2335 565 2384 ente
577 2329 638 2384 eius
649 2328 848 2383 admissionem
866 2327 987 2382 sufficiat
999 2328 1023 2382 ei
1037 2332 1098 2381 tam
1110 2327 1146 2381 ad
1158 2325 1356 2397 opponendum

270 2433 356 2487 quam
375 2417 411 2471 ed
430 2416 593 2472 intrandum
612 2417 641 2471 in
662 2415 759 2471 eadem
778 2415 918 2486 theologia
953 2414 1105 2469 Admissus
1123 2415 1220 2470 eodem
1239 2415 1357 2485 (peregit

271 2505 365 2560 omnia
376 2507 475 2576 marq.)

579 2823 738 2889 Doctores
760 2824 794 2889 in
818 2823 983 2912 theologia

202 2990 410 3048 Concediturv⁰
423 2994 531 3064 Aprilis
544 2995 680 3064 magistro
694 2994 830 3049 Nicholao
843 2994 995 3068 Robyneon
1008 3001 1039 3050 vt
1052 2994 1178 3051 studium
1190 3013 1358 3052 vannorum

272 3083 301 3136 in
317 3083 455 3154 theologia
471 3089 537 3154 post
551 3083 671 3155 gradum
688 3083 864 3138 bacbalaurei
881 3085 911 3138 in
929 3085 1027 3140 eadem
1043 3086 1179 3141 facultate
1195 3091 1358 3157 susceptum

272 3189 336 3226 cum
349 3189 404 3226 vna
416 3173 596 3243 respontione
608 3190 664 3227 vna
676 3174 852 3244 oppositione
865 3180 894 3229 et
911 3175 1088 3231 sermonibus
1100 3195 1151 3248 per
1162 3181 1272 3232 statuta
1284 3177 1359 3247 regia

272 3260 416 3330 inquisitis
431 3261 553 3316 sufficiat
569 3261 595 3315 ei
611 3261 647 3316 ad
665 3262 856 3333 incipiendum
873 3262 903 3317 in
921 3263 1019 3318 eadem
1037 3264 1173 3321 facultate
1190 3266 1231 3320 sic
1249 3272 1281 3319 vt
1298 3267 1359 3321 eius

272 3347 405 3402 admissio
427 3352 485 3402 stet
508 3365 560 3418 pro
584 3348 731 3418 completis
753 3349 842 3419 gradu
863 3356 893 3404 et
913 3351 1004 3406 forma
1025 3351 1188 3408 doctoratus
1210 3354 1240 3408 in
1260 3353 1358 3408 eadem

272 3435 407 3490 facultate
426 3436 560 3506 quoniam
576 3442 693 3507 propter
711 3439 826 3508 negocia
844 3438 920 3493 diem
940 3439 1118 3496 comitiorum
1138 3446 1286 3512 expectare
1302 3459 1358 3496 non

272 3528 367 3595 potest
378 3525 420 3579 its
432 3528 527 3579 temen
541 3529 573 3578 vt
585 3525 751 3580 convivetur

200 3610 370 3668 Conceditur
392 3617 426 3667 10
446 3612 526 3668 Junii
548 3615 683 3684 magistro
704 3615 850 3671 Anthonio
870 3617 965 3672 Rushe
984 3617 1128 3688 capellano
1148 3617 1358 3673 honoratissimi

271 3700 325 3754 viri
343 3701 455 3756 comitis
472 3701 595 3756 Suthsex
613 3706 646 3756 vt
663 3703 792 3758 studium
810 3723 827 3758 x
846 3721 984 3760 annorum
1001 3705 1031 3759 in
1049 3705 1190 3776 theologia
1207 3713 1358 3778 postquam

272 3787 375 3842 rexerit
399 3787 428 3841 in
452 3786 563 3841 artibus
587 3787 688 3843 Oxonii
712 3795 742 3843 et
765 3789 796 3860 iij
821 3807 960 3845 annorum
985 3795 1136 3862 postquam
1161 3793 1309 3848 intraverit
1329 3794 1359 3847 in

272 3874 370 3930 eadem
394 3874 530 3931 facultate
550 3893 615 3931 cum
637 3877 861 3948 oppositionibus
881 3879 1112 3949 responsionibus
1132 3881 1310 3936 sermonibus
1330 3887 1360 3936 et

272 3960 335 4014 aliis
353 3961 493 4016 exercitiis
512 3978 561 4033 per
578 3967 690 4018 statuta
707 3965 783 4034 regia
802 3965 946 4036 requisitis
966 3966 1141 4037 perficiendis
1160 3968 1234 4022 infra
1253 3986 1360 4024 annum

272 4065 322 4102 sue
345 4048 526 4104 admissionis
549 4050 603 4105 sub
628 4067 701 4122 pena
721 4051 773 4106 xx¹¹
794 4053 923 4124 ponenda
944 4055 974 4109 in
993 4055 1125 4110 manibus
1146 4063 1359 4127 procuratorum

274 4141 341 4190 ante
359 4136 420 4190 eius
437 4136 636 4192 admissionem
653 4139 775 4195 sufficiat
787 4140 812 4195 ei
828 4140 866 4196 ad
883 4141 1074 4212 incipiendum
1087 4143 1116 4196 in
1129 4161 1210 4198 sacra
1221 4144 1361 4216 theologia

272 4219 313 4272 sic
337 4225 370 4274 ut
388 4219 450 4290 ejus
473 4221 607 4275 admissio
629 4226 687 4277 stet
705 4240 757 4293 pro
775 4224 924 4294 completis
942 4225 1031 4296 gradu
1052 4231 1082 4280 et
1102 4226 1192 4282 forma
1214 4227 1244 4281 in
1262 4227 1359 4284 eadem

273 4306 408 4361 facultate
419 4309 460 4362 sic
472 4314 569 4362 tamen
581 4312 613 4364 vt
625 4310 790 4366 convivetur
837 4311 1020 4367 Presentatue
1032 4330 1082 4384 per
1093 4313 1236 4369 doctorem
1250 4314 1322 4385 Pory
1331 4317 1361 4370 et

273 4393 414 4450 admissus
424 4399 440 4448 t
452 4393 470 4449 J
472 4395 523 4450 ulii
535 4393 727 4467 (dispensatur
739 4415 804 4453 curn
816 4399 913 4454 eodem
925 4399 956 4455 in
965 4402 1092 4472 proximo
1104 4419 1178 4456 anno
1190 4403 1290 4474 usurp)
