3376 5108
200 365 367 450 1561-62]
631 377 746 428 onnon
768 377 860 426 acon
883 376 908 426 Δ
1293 361 1357 424 153

198 534 369 592 Conceditur
380 537 416 590 23
428 532 557 590 Januerii
568 531 690 587 Roberto
703 531 786 588 Some
795 536 827 586 vt
839 535 856 588 9
867 531 982 587 termini
994 531 1024 586 in
1037 531 1090 587 hac
1102 531 1245 587 academia
1257 536 1359 603 praeter
1371 519 1389 580 f.
1407 518 1474 577 6312

269 622 398 678 studium
409 620 494 678 vuius
509 620 577 675 anni
594 620 624 675 in
641 621 839 676 transmarinis
850 619 980 692 partibus
992 620 1022 674 in
1034 619 1139 691 quibus
1150 623 1203 677 etc
1217 619 1359 675 sufficiant

269 709 296 766 ei
307 709 344 764 ad
355 708 583 782 respondendum
594 709 736 780 questioni

200 798 371 854 Conceditur
394 797 492 853 eodem
513 796 557 852 Jo.
581 797 698 866 Quarlee
719 804 752 854 vt
772 799 800 852 ix
821 797 937 854 termini
960 797 991 852 in
1014 798 1068 853 hac
1089 796 1233 853 academia
1256 800 1359 869 prater

269 887 398 943 studium
415 903 498 942 suum
518 886 548 940 in
566 886 764 941 transmarinis
781 885 911 957 partibus
928 886 958 940 in
976 886 1081 957 quibus
1099 890 1151 944 ete.
1172 887 1314 942 sufficient
1332 887 1359 942 ei

270 975 307 1030 ad
324 975 550 1046 respondendum
568 975 710 1044 questioni

200 1063 307 1118 Eadem
319 1063 410 1134 gratia
421 1063 585 1119 conceditur
597 1063 693 1118 eodem
706 1081 770 1119 cum
780 1063 829 1134 viij
841 1065 971 1119 terminis
984 1065 1129 1136 Rodolpho
1143 1064 1358 1136 Hetheryngton

199 1151 371 1207 Conceditur
394 1155 430 1206 ³0
451 1150 579 1205 Januarii
600 1150 644 1206 W.
667 1151 780 1220 Brabyn
801 1155 834 1204 vt
856 1156 890 1205 10
911 1152 1025 1206 termini
1050 1153 1079 1206 in
1100 1151 1205 1223 quibus
1226 1153 1359 1207 lectiones

271 1239 426 1294 ordinariae
444 1239 555 1294 audiuit
572 1239 638 1294 licet
656 1256 712 1293 non
730 1239 845 1294 omnino
863 1239 1017 1295 secundum
1036 1240 1155 1296 formem
1173 1241 1275 1296 statuti
1293 1259 1358 1296 cum

270 1333 322 1385 etc.
335 1328 478 1383 sufficiant
489 1329 515 1382 ei
527 1327 564 1382 nd
576 1327 802 1399 respondendum
814 1330 955 1399 questioni

201 1415 307 1472 Eadem
328 1415 420 1488 gratia
440 1416 604 1471 conceditur
623 1415 720 1470 codem
743 1433 807 1471 cum
829 1416 858 1470 ix
878 1417 1008 1472 termulis
1027 1415 1096 1474 Tho.
1117 1417 1218 1472 Newoe
1238 1421 1268 1472 et
1289 1417 1358 1473 Rob.

272 1503 392 1558 Downea

200 1591 371 1648 Conceditur
383 1591 434 1662 ij
446 1590 591 1646 Februarii
604 1591 647 1648 W.
661 1591 760 1647 Butler
772 1597 804 1646 vt
816 1592 854 1664 xij
868 1594 982 1648 termini
1000 1594 1029 1648 in
1042 1593 1146 1664 quibus
1160 1593 1294 1650 lectiones
1305 1599 1358 1649 eto.

271 1681 413 1736 sufficiant
432 1681 458 1736 ei
477 1681 513 1736 ad
532 1679 759 1752 respondendum
778 1682 920 1752 questioni
998 1683 1040 1737 ita
1060 1682 1136 1753 quod
1157 1683 1218 1737 eiua
1238 1683 1359 1737 eruditio

271 1770 448 1825 examinetur
465 1773 496 1823 et
514 1767 687 1840 approbetur
705 1786 755 1840 per
774 1771 949 1840 oppositores
968 1771 1053 1826 huius
1071 1772 1139 1826 anni

201 1857 371 1913 Conceditur
387 1863 404 1913 6
421 1858 518 1912 Martii
535 1857 604 1912 Tho.
618 1856 751 1912 Cowarde
763 1862 795 1911 vt
810 1858 848 1928 xij
863 1859 976 1912 termini
993 1859 1022 1912 in
1035 1858 1138 1929 quibus
1152 1863 1204 1914 etc.
1218 1859 1358 1915 sufficiant

271 1947 297 2000 ei
313 1946 350 2001 ad
366 1945 488 2001 finaliter
503 1944 749 2000 determinandum
766 1963 830 2000 cnm
848 1945 964 2016 reliquie
979 1947 1174 2017 questionietie
1190 1947 1274 2002 huius
1290 1948 1358 2002 anni

271 2035 312 2090 eie
333 2040 429 2090 tamen
448 2039 481 2090 vt
499 2035 579 2106 prius
599 2034 775 2090 examinetur
793 2039 822 2088 et
842 2034 1013 2106 approbetur
1030 2036 1091 2090 eiua
1108 2035 1228 2090 eruditio
1246 2053 1296 2106 per
1312 2053 1357 2089 ex-

208 2171 212 2178 .
271 2124 442 2178 aminatoree
461 2121 546 2176 hniue
565 2121 631 2176 anni
651 2125 680 2175 et
697 2125 756 2175 stet
773 2121 803 2175 in
822 2121 930 2192 reliqua
945 2121 1159 2192 quadragesima
1176 2140 1240 2176 cum
1258 2123 1358 2177 ceteris

271 2210 467 2280 questionietie

202 2299 308 2354 Eadem
320 2299 411 2370 gratie
423 2297 587 2352 conceditur
598 2297 696 2352 eodem
710 2295 852 2356 Florentio
865 2297 1020 2352 Steveneon

202 2387 308 2442 Eadem
320 2387 411 2456 gretia
423 2386 585 2441 conceditur
596 2385 694 2439 ecdem
707 2402 772 2439 cum
787 2389 817 2438 ll
832 2385 962 2439 terminia
974 2384 1017 2439 W.
1028 2384 1148 2456 Wycket

203 2476 441 2530 Determinetoree
459 2475 565 2546 collegii
585 2473 696 2544 Regalis
713 2473 766 2527 hnc
782 2472 996 2544 quadragesima
1012 2472 1115 2544 quibus
1133 2473 1211 2528 nulla
1228 2492 1358 2530 concessa

272 2581 362 2634 neque
374 2563 465 2634 petita
476 2568 520 2616 eet
531 2562 623 2633 gratia
635 2567 703 2616 sunt
716 2559 784 2616 Rob.
799 2560 890 2632 Spark
902 2566 932 2616 et
942 2561 1020 2619 daco.
1034 2561 1101 2617 Cole

523 2908 612 2974 Ordo
634 2907 834 2974 senion'tatis
857 2909 1033 2975 eorundem

378 3099 523 3172 Bromiyld
705 3098 816 3169 Boni-gh
855 3131 860 3141 -
1008 3098 1105 3154 Butler

376 3190 484 3262 Sparke
702 3187 870 3243 Cranehawe

377 3278 444 3334 Cole
704 3276 800 3331 Crofte

378 3366 492 3439 Gylpyn
704 3365 824 3437 Hartiey

377 3455 503 3510 Steward
705 3454 815 3509 Fourde

379 3544 479 3616 Kynge
706 3543 815 3598 Fenton

378 3631 492 3687 Clifford
706 3630 807 3685 Garret

377 3719 520 3792 Aldrydge
704 3718 822 3788 Smythe

377 3807 478 3862 Newce
705 3804 771 3877 Gyll

379 3895 470 3965 Rygee
705 3892 861 3964 Wyllyame

379 3981 594 4052 Hetheryngton
705 3979 824 4034 Downee

377 4069 524 4141 Chapman
706 4068 796 4140 Rylye

377 4157 531 4213 Barnewell
705 4157 821 4224 Querles

377 4243 529 4299 Newlande
704 4243 834 4314 Twaytes

376 4331 499 4386 Jackncn
706 4330 774 4410 Sole⁸

377 4421 477 4475 Sterne
707 4419 845 4491 Patrycke
