3408 5116
218 355 383 440 1576-77]
661 373 774 421 enses
797 373 889 421 noos
914 374 936 420 n
1311 356 1372 418 301

216 527 288 600 Otys
426 528 483 585 Tri.
603 527 707 584 Jacson
813 529 856 584 Jo.
989 527 1067 584 Snell
1186 495 1243 583 ⁶J0.

218 616 340 688 Byrches
428 617 524 688 Regin.
605 616 671 671 Sled
725 648 733 694 p
991 615 1091 687 Bright
1199 615 1266 672 chr.

216 703 359 758 Athertcn
604 705 682 760 Tolle
992 705 1130 774 Dcwning
1202 703 1248 760 Be

218 791 347 847 Driwood
605 793 712 847 Stallcn
857 856 862 866 Ι
898 860 900 862 g
994 793 1074 846 Lcwe
1202 790 1245 848 Ja.

606 881 718 935 Huttcn
815 855 871 909 ΤΠ
993 879 1088 934 Rucke
1200 878 1246 935 Be.

605 969 711 1024 Blande
992 969 1086 1038 Tonge
1202 967 1292 1038 Magd.

605 1057 710 1126 Burges
1142 1059 1202 1112 ’93

216 1445 385 1500 Conceditur
397 1449 414 1501 9
427 1445 596 1501 Novembris
610 1453 641 1501 11
654 1447 889 1501 honoratissimus
902 1446 1034 1501 dominus
1045 1446 1071 1501 (1.
1088 1447 1235 1518 Philippus
1255 1443 1375 1500 Hawani
1387 1447 1407 1504 f.
1427 1446 1481 1505 121
1498 1467 1516 1504 a

289 1553 383 1590 comes
396 1535 501 1607 Surray
513 1540 661 1606 cooptetur
673 1537 702 1590 in
715 1535 842 1590 ordinem
855 1537 1052 1606 magistrorum
1065 1537 1094 1590 in
1106 1535 1216 1590 artibus
1229 1535 1269 1589 sic
1279 1541 1310 1589 11
1319 1552 1375 1588 non

289 1626 415 1677 arctetur
433 1622 469 1678 ad
488 1623 613 1694 aliquam
631 1624 816 1678 ceremoniam
834 1623 948 1678 solitam
964 1622 1104 1678 observari
1123 1623 1159 1678 ab
1177 1621 1376 1694 incipientibus

290 1710 320 1764 in
338 1709 436 1764 eadem
455 1711 591 1766 facultate
609 1711 658 1766 sed
677 1717 791 1766 tantum
810 1711 981 1766 admittatur
998 1711 1034 1766 ad
1053 1711 1189 1783 placitum
1207 1711 1247 1766 sic
1266 1717 1297 1764 11
1316 1710 1376 1765 eins

288 1798 423 1854 admissio
435 1803 494 1854 stet
505 1801 530 1853 ei
543 1817 595 1870 pro
606 1799 754 1870 completis
766 1799 854 1870 gradu
869 1804 899 1854 et
912 1800 1003 1854 forma
1017 1805 1047 1854 et
1061 1800 1211 1871 promittat
1227 1797 1375 1853 observan-

288 1887 359 1941 tiam
381 1887 590 1958 pririlegiorum
610 1893 640 1942 et
660 1888 897 1943 consuetudinum
919 1888 1003 1942 huius
1024 1888 1219 1943 uniuersitatis
1239 1887 1375 1960 approba·

290 1980 384 2030 torum
430 1977 513 2031 Mem.
523 1977 598 2048 quod
612 1977 684 2032 idem
698 1981 877 2048 presentatus
889 1981 933 2031 est
947 1981 979 2031 12
992 1975 1160 2032 Novembris
1172 1993 1223 2047 per
1233 1975 1375 2030 doctorem

289 2064 449 2118 Ohudcrtcn
463 2065 493 2118 in
506 2063 606 2119 habitu
625 2065 757 2135 Regentis
773 2070 804 2119 et
820 2064 898 2119 dedit
915 2065 997 2119 fidem
1015 2063 1123 2119 doctori
1141 2063 1290 2134 Whitgifte
1306 2067 1375 2118 tunc

289 2151 425 2222 deputato
437 2151 545 2206 domini
558 2153 765 2222 procancellarii
779 2157 810 2206 vt
822 2151 947 2206 marchio
961 2151 987 2206 N
989 2151 1127 2224 orthamp.
1141 2168 1228 2222 supra
1241 2152 1258 2206 1.
1272 2149 1337 2224 [104
1345 2149 1376 2223 b]

289 2245 318 2295 et
338 2241 453 2311 agnovit
474 2239 619 2297 dominam
641 2241 766 2311 reginam
788 2258 949 2311 supremam
970 2239 1196 2311 gubernatricem
1217 2244 1262 2294 etc
1279 2246 1310 2295 et
1327 2239 1374 2295 ad·

288 2328 392 2384 missus
403 2333 447 2383 111
460 2333 492 2384 11
504 2329 605 2401 reliqui
617 2329 653 2385 ad
666 2329 784 2400 gradum
797 2331 952 2400 magisterii
963 2329 1101 2384 flectendo
1113 2333 1143 2384 et
1154 2328 1305 2384 osculando

218 2418 324 2474 Eadem
336 2418 428 2489 gratia
441 2419 605 2474 conceditur
616 2419 717 2474 vltimo
731 2417 900 2474 Novembris
910 2418 1129 2474 honoratissimo
1137 2416 1252 2472 domino
1261 2416 1375 2472 domino

290 2507 337 2562 11ο
359 2508 482 2562 Burcher
504 2508 608 2563 Ocmiti
631 2508 816 2564 Bathoniansi
837 2515 868 2562 et
888 2508 1106 2562 honoratissimo
1127 2507 1241 2562 domino
1261 2505 1375 2561 domino

289 2595 407 2665 Georgio
419 2595 541 2667 Clyffcrd
554 2595 658 2650 Oomiti
671 2594 888 2651 cumberlandia
924 2595 977 2662 Qui
995 2595 1149 2665 presentati
1167 2612 1217 2665 per
1232 2595 1374 2649 doctorem

289 2683 448 2738 Ohederton
461 2683 576 2738 admissi
589 2687 701 2738 1111111
713 2700 799 2753 supra

559 3075 780 3140 Praeticantes
802 3074 836 3139 in
860 3074 1024 3161 chirurgia

219 3270 388 3326 Conceditur
405 3275 440 3325 28
457 3271 538 3326 Junii
557 3272 691 3341 magistro
707 3269 755 3326 W‘?
774 3270 935 3325 Bramforth
956 3270 991 3326 de
1013 3270 1120 3326 Bcstcn
1142 3277 1175 3326 vt
1195 3273 1322 3329 studium
1343 3282 1373 3329 et

289 3359 413 3430 practica
423 3363 438 3416 7
451 3376 589 3414 annornm
602 3359 632 3413 in
644 3358 784 3430 chiriugia
796 3358 918 3414 sufficiat
929 3358 955 3413 11
967 3357 1004 3414 ad
1015 3359 1228 3430 practicandum
1238 3360 1267 3414 in
1275 3359 1373 3418 eadem

289 3447 330 3502 sic
349 3452 380 3502 11
398 3448 459 3502 eius
477 3447 601 3518 cognicio
619 3447 697 3518 prius
718 3447 895 3502 examinetur
916 3451 946 3501 et
966 3445 1139 3518 approbetur
1159 3465 1210 3520 per
1229 3448 1372 3504 doctorem

291 3535 404 3607 Lcrkyn
421 3536 528 3606 regium
546 3535 684 3590 medicine
699 3536 885 3606 professorem
900 3541 930 3591 et
946 3536 1133 3607 pereundam
1149 3541 1328 3608 presentetur
1343 3543 1373 3594 et

290 3640 374 3694 super
393 3623 446 3678 hac
465 3629 560 3678 vestra
578 3625 757 3678 concessione
775 3625 870 3679 literas
889 3624 992 3679 babeat
1011 3625 1148 3695 sigillatas
1169 3625 1260 3696 sigillo
1280 3630 1374 3681 vestro

289 3728 431 3766 communi

219 3799 326 3854 Eadem
334 3799 425 3942 {ntia
433 3801 596 3856 conceditur
605 3807 634 3854 5⁰
642 3801 659 3855 J
662 3801 711 3855 ulii
721 3800 856 3856 Nichelao
865 3800 1006 3856 Golburne
1015 3801 1050 3856 de
1059 3801 1188 3857 Watford
1198 3803 1228 3857 in
1236 3804 1374 3859 comitatu

291 3887 336 3942 He
366 3887 454 3942 ferdia
