3376 5108
218 416 221 424 ·
330 394 395 457 150
765 405 879 456 aaron
901 405 993 454 acon
1017 405 1040 453 Δ
1322 389 1486 474 [1560-61

212 1969 318 2028 rtlb

331 559 501 617 Conceditur
512 563 547 615 23
559 558 577 615 J
580 559 640 615 unii
652 559 722 616 Tho.
736 559 828 616 Broke
840 565 872 616 vt
884 560 1012 616 studium
1025 563 1060 616 to
1072 576 1211 614 annorum
1225 559 1255 614 in
1267 557 1407 630 theologia
1424 575 1489 613 cum

401 647 625 720 oppositionibus
640 647 868 719 responsionibus
886 647 1061 704 sermonibus
1077 652 1107 703 et
1118 647 1182 702 aliia
1198 647 1337 703 exercitiis
1348 665 1399 719 per
1414 647 1490 717 regia

401 740 512 792 statuta
524 735 668 806 requisitis
680 735 857 806 perficiendis
869 735 943 790 inira
955 753 1061 790 annum
1073 741 1139 806 post
1150 735 1211 790 eius
1225 735 1424 790 admissionem
1435 733 1489 790 sub

401 841 474 896 pena
490 823 525 879 1¹¹
546 822 675 896 ponenda
698 824 728 878 in
746 824 878 879 manibus
896 828 1108 896 procuratorum
1126 829 1194 879 anto
1211 824 1272 878 eius
1289 823 1488 879 admissionem

401 912 522 968 sufficiat
533 912 559 966 ei
572 917 631 967 tarn
643 911 680 966 ad
692 911 889 982 opponendum
899 929 985 983 quam
994 912 1030 967 ad
1043 911 1208 966 intrandum
1218 912 1247 966 in
1260 929 1339 967 sacra
1349 912 1490 982 theologia

401 1001 552 1056 Admissus
564 1005 598 1056 28
611 1001 629 1056 J
630 1000 691 1056 unii

538 1304 705 1370 Numerus
728 1304 1034 1372 bacchalanreorum
1058 1305 1093 1372 in
1116 1306 1279 1392 theologia

472 1493 587 1566 ¹Lalryn
836 1495 877 1548 Mt
895 1493 958 1550 Leo.
977 1494 1139 1566 Pyllrynton
1263 1491 1357 1548 Fuller

483 1581 606 1654 Jeffraye
835 1581 955 1636 Newton
1263 1579 1382 1652 Clayton

485 1669 528 1726 Jo.
551 1670 711 1742 Pylirynton
837 1669 896 1725 Bell
1262 1669 1353 1724 Brolre

542 1973 665 2038 Gratiae
689 1970 777 2036 varie
798 1971 937 2057 gradum
960 1994 1024 2037 non
1047 1983 1277 2040 concernentes

331 2157 501 2214 Conceditur
513 2165 547 2214 22
561 2158 729 2215 Novembris
740 2164 772 2214 rt
783 2177 881 2215 omncs
892 2160 942 2231 qni
954 2159 1072 2231 posthac
1087 2161 1186 2215 vinum
1202 2159 1327 2214 vendant
1345 2159 1418 2214 infra
1434 2158 1488 2213 hoc

401 2248 536 2319 oppidum
548 2250 727 2319 assignentur
738 2266 788 2320 per
800 2250 983 2320 magistratus
997 2265 1117 2319 quorum
1134 2249 1252 2304 interest
1266 2266 1316 2320 per
1327 2247 1488 2303 achademie

402 2342 513 2392 statuta
524 2337 702 2408 habeantque
713 2338 858 2393 licentiam
870 2355 951 2393 suam
968 2337 1021 2392 sub
1038 2337 1129 2408 sigillo
1141 2342 1235 2393 vestro
1250 2339 1392 2393 communi
1409 2338 1488 2392 iuxta

400 2430 497 2481 actum
512 2426 692 2482 Parliamenti
704 2427 813 2482 editum
825 2428 855 2482 in
867 2427 920 2482 hac
932 2433 1013 2498 parte

331 2513 501 2569 Conceditur
521 2514 620 2570 vltimo
638 2515 768 2570 ianuarii
792 2521 824 2569 vt
847 2515 945 2571 doctor
970 2515 1069 2571 Bound
1091 2517 1181 2588 possit
1201 2521 1362 2588 presentare
1385 2514 1486 2570 bacha-

402 2603 511 2658 laureos
528 2603 558 2658 in
577 2603 684 2658 musica
702 2603 738 2658 ob
756 2602 897 2658 defectum
915 2604 1038 2659 doctoris
1056 2605 1085 2658 in
1104 2622 1137 2660 ea
1155 2605 1289 2660 facultate

331 2691 501 2747 Conceditur
524 2691 622 2747 eodem
645 2697 678 2747 vt
701 2693 828 2763 magistri
851 2693 946 2765 Lynge
969 2698 999 2748 et
1023 2693 1179 2765 Howgrave
1202 2695 1262 2749 sint
1284 2694 1488 2749 examinatores

401 2780 653 2850 questionistarnm
671 2780 724 2835 hoc
741 2796 816 2835 anno

331 2866 502 2922 Conceditur
522 2867 619 2922 eodem
643 2871 676 2922 vt
699 2867 914 2923 determinatur-i
938 2869 1048 2940 possint
1072 2870 1238 2941 respondere
1261 2870 1401 2941 questioni
1425 2872 1490 2940 poet

400 2956 624 3027 purificationem
642 2956 724 3012 beate
742 2958 832 3013 Maris
849 2975 905 3012 non
924 2957 1056 3014 obstante
1073 2963 1183 3014 statuto

330 3043 500 3099 Conceditur
512 3048 547 3100 26
560 3043 704 3100 Februarii
718 3050 750 3100 vt
760 3047 895 3116 magister
909 3046 1086 3118 Gyrlyngton
1098 3047 1188 3118 possit
1203 3047 1306 3102 habere
1321 3045 1416 3100 omnia
1427 3045 1489 3100 iura

399 3132 547 3202 pensiones
564 3132 712 3188 commoda
730 3138 760 3188 et
777 3133 923 3205 privilegia
940 3151 996 3204 que
1013 3133 1049 3188 ad
1067 3133 1190 3189 officium
1208 3133 1326 3188 oratoris
1343 3133 1488 3204 pertinent

402 3224 462 3275 tam
480 3222 575 3293 amplo
593 3221 676 3277 modo
693 3238 779 3292 quam
798 3221 883 3277 ceteri
901 3222 1053 3277 habuerint
1069 3223 1119 3294 qui
1137 3227 1286 3278 antaeum
1305 3221 1357 3276 hoc
1374 3238 1490 3276 munere

401 3305 492 3361 iuncti
510 3311 579 3361 sunt

331 3389 501 3446 Conceditur
524 3395 559 3446 28
585 3390 682 3446 Martii
704 3395 736 3446 vt
760 3408 851 3446 sermo
872 3391 909 3446 ad
928 3391 1032 3446 olerum
1052 3391 1089 3447 ad
1113 3409 1196 3463 quem
1221 3396 1334 3447 tenetur
1357 3391 1491 3462 magister

402 3477 579 3551 Stephanaon
606 3479 715 3534 ratione
743 3479 846 3549 medrus
871 3481 995 3552 suscepti
1021 3481 1112 3552 possit
1139 3479 1244 3536 differri
1272 3481 1302 3536 in
1331 3481 1489 3552 proximum

401 3586 508 3624 annum
519 3569 654 3640 quoniam
666 3585 717 3642 per
730 3569 822 3624 multa
837 3570 952 3640 negocia
968 3576 1103 3626 avocatus
1114 3587 1178 3626 eum
1195 3587 1271 3624 nunc
1287 3569 1417 3641 perficere
1433 3585 1490 3624 non

401 3662 495 3729 potest
573 3657 615 3712 ita
627 3662 723 3712 tamen
735 3663 768 3713 vt
779 3675 845 3712 enm
857 3657 983 3729 perficiat
995 3663 1062 3715 ante
1077 3658 1319 3730 quadragesimam
1334 3658 1490 3730 proximam

400 3745 454 3800 sub
466 3763 539 3817 pena
550 3744 638 3816 xxvjs
649 3745 726 3817 viijd
739 3746 886 3816 (forisfecit
898 3748 996 3820 marg.)

330 3832 501 3888 Conceditur
509 3835 527 3886 6
535 3831 554 3886 J
555 3831 615 3886 unii
625 3836 657 3887 vt
666 3833 810 3902 responsio
819 3837 849 3888 et
857 3834 996 3905 oppositio
1005 3834 1041 3890 ad
1053 3853 1124 3906 ques
1136 3839 1249 3890 tenetur
1261 3835 1395 3904 magister
1408 3833 1491 3906 Maye

400 3919 510 3975 ratione
527 3919 630 3990 gradus
648 3920 771 3991 suscepti
789 3921 879 3991 possit
897 3920 1001 3976 differri
1023 3922 1053 3976 in
1072 3922 1229 3994 proximam
1248 3921 1490 3993 quadragesimam

400 4007 454 4062 sub
471 4025 545 4079 pena
563 4006 614 4061 xls

330 4095 500 4150 Conceditur
520 4099 537 4150 6
558 4094 638 4150 Junii
658 4100 690 4150 vt
715 4095 849 4166 magister
870 4095 968 4168 Lairyn
993 4097 1032 4151 sit
1050 4115 1124 4152 vnus
1147 4115 1181 4152 ex
1199 4097 1421 4169 predicatoribus
1438 4096 1491 4152 hoc

400 4201 475 4238 anno
493 4182 530 4238 ab
548 4182 711 4238 achademia
728 4200 779 4254 per
794 4183 971 4255 privilegium
988 4185 1101 4256 regium
1112 4185 1275 4240 emittendis
1291 4190 1321 4240 et
1338 4179 1423 4257 super
1439 4185 1491 4240 hac

401 4277 496 4325 vostra
507 4271 684 4325 concessione
696 4269 798 4326 habeat
810 4271 907 4326 literas
919 4274 1061 4328 communi
1073 4272 1165 4344 sigillo
1177 4277 1271 4328 vestro
1283 4271 1446 4344 obsignatas

382 4444 390 4475 ¹
408 4444 491 4494 These
502 4459 593 4494 names
604 4459 648 4494 are
659 4445 786 4508 arranged
798 4447 826 4496 iu
838 4462 887 4496 one
899 4448 1009 4506 column.
1015 4449 1094 4512 along
1106 4449 1151 4500 the
1161 4451 1260 4500 bottom
1273 4451 1301 4500 ci
1311 4451 1356 4500 the
1367 4467 1440 4515 page.
