3376 5108
337 345 401 408 148
771 357 886 407 emon
908 358 1002 406 soon
1024 359 1047 406 n
1326 329 1491 428 [1560-61

335 515 506 570 Conceditur
517 518 564 569 220
576 513 745 569 Novembris
756 513 871 569 domino
882 514 987 570 anter
1000 513 1144 585 quendem
1160 515 1267 585 collegii
1282 513 1360 586 Regii
1372 514 1448 570 socio
1464 519 1495 570 ct

406 603 435 656 in
460 600 569 656 artibus
587 601 770 656 bochulaureo
789 605 820 656 vt
841 600 969 657 studium
993 606 1026 658 16
1047 619 1186 658 annorum
1211 602 1241 657 in
1265 602 1442 674 philosophia
1464 607 1495 658 et

405 689 544 744 medicine
564 689 685 744 sufficiet
703 687 729 744 ei
747 688 784 743 sd
802 689 1014 760 practicsndum
1034 689 1065 743 in
1083 691 1144 744 erte
1164 690 1272 746 medice
1289 691 1331 745 ite
1348 695 1444 746 temen
1462 694 1494 745 vt

406 778 467 833 eius
478 776 599 832 eruditio
610 781 640 832 et
651 777 774 848 cognitio
785 777 816 831 in
827 777 905 833 dicte
917 778 1053 832 facultate
1064 778 1143 849 prius
1161 779 1336 834 examinetur
1352 783 1382 834 et
1395 796 1493 851 appro-

408 867 490 922 betur
501 884 551 938 per
562 866 690 921 doctores
701 865 816 921 Wslker
827 869 858 920 et
870 865 986 921 Bounde
998 870 1028 921 et
1040 884 1090 937 per
1101 883 1189 922 vnum
1206 883 1301 922 eorum
1319 871 1496 938 presentetur

406 953 520 1009 domino
540 953 763 1009 vicecancellario
787 953 923 1026 inplens
946 955 1158 1026 congregatione
1182 955 1339 1026 regentium
1357 959 1387 1010 et
1410 954 1495 1010 huius

407 1046 499 1097 vestre
523 1041 698 1097 concessione
722 1042 819 1097 literne
838 1041 942 1098 hebent
963 1043 1101 1115 sigillatas
1120 1043 1210 1115 sigillo
1236 1049 1328 1100 vestro
1352 1045 1494 1100 communi

408 1133 592 1188 Presentetus
609 1150 659 1204 per
676 1133 819 1188 doctorem
837 1133 956 1188 Bounde

219 1503 325 1562 t60b
697 1508 927 1575 Beocholeurei
949 1509 984 1574 in
1006 1510 1133 1577 artibus

337 1695 508 1751 Oonmditur
519 1701 536 1751 6
548 1697 628 1751 Junii
640 1698 684 1753 Jo.
698 1698 817 1769 Smythe
830 1703 862 1753 vt
876 1703 909 1754 12
921 1699 1036 1754 termini
1045 1699 1074 1754 in
1083 1701 1188 1772 quibus
1196 1701 1329 1758 lectiones
1338 1703 1494 1760 ordinaries

407 1784 519 1840 audiuit
528 1783 593 1839 lieet
603 1803 659 1839 non
669 1785 783 1840 omnino
792 1785 946 1841 secundum
955 1786 1075 1842 formem
1084 1789 1186 1843 statuti
1196 1805 1261 1844 cum
1270 1791 1494 1862 oppositionibus

407 1872 634 1944 responsionibus
645 1879 675 1928 et
686 1873 750 1929 eliis
768 1875 907 1929 exercitiis
919 1892 970 1947 per
985 1876 1060 1947 regie
1076 1881 1187 1932 statute
1197 1879 1341 1949 inquisitis
1352 1880 1494 1936 sufficient

406 1961 432 2017 ei
453 1979 504 2033 pro
525 1961 672 2034 completis
692 1963 780 2034 gradu
799 1970 829 2019 et
850 1965 940 2019 forms
959 1965 1134 2022 bochelsurei
1157 1967 1186 2022 in
1208 1967 1317 2023 ortibus
1337 1969 1378 2024 sio
1397 1973 1493 2026 temen

407 2057 439 2106 vt
457 2051 517 2106 eius
536 2051 657 2107 eruditio
674 2052 847 2124 approbetur
864 2071 914 2125 per
931 2054 1136 2110 examinatores
1154 2055 1239 2111 huius
1256 2057 1323 2112 suni
1342 2063 1372 2113 et
1388 2061 1446 2114 stet
1463 2058 1493 2114 in

407 2139 533 2210 proxime
550 2139 763 2211 quadragesime
781 2159 846 2197 cum
864 2143 965 2198 ceteris
982 2143 1177 2215 questionistis

681 2503 941 2571 Becchsleureue
964 2507 997 2571 in
1023 2508 1145 2574 musice

334 2691 505 2746 Conceditur
516 2697 548 2746 13
561 2692 723 2747 Decembris
732 2692 855 2748 Roberto
865 2694 962 2764 Wight
974 2701 1006 2750 vt
1015 2693 1142 2750 studium
1154 2697 1188 2749 10
1196 2711 1335 2749 annorum
1344 2694 1373 2749 in
1385 2693 1493 2749 musice

405 2779 527 2834 sufficiet
547 2781 572 2834 ei
594 2779 629 2834 ed
650 2781 814 2836 intrandum
840 2783 869 2837 in
889 2781 987 2837 ecdem
1010 2782 1052 2841 sio
1075 2789 1171 2837 tamen
1196 2787 1228 2838 vt
1251 2788 1402 2854 componet
1418 2799 1492 2838 com·

407 2867 568 2923 munionem
592 2869 762 2923 cantandum
784 2869 813 2924 in
835 2870 953 2925 ecclesie
975 2868 1058 2925 beste
1079 2870 1169 2926 Merie
1191 2887 1285 2925 eorem
1309 2871 1493 2927 vniuersitete

406 2955 436 3009 in
454 2955 500 3010 die
518 2956 696 3011 comitiorum
714 2956 767 3011 sub
786 2974 858 3028 pene
876 2957 1063 3030 quadraginta
1083 2957 1235 3014 solidorum
1258 2959 1365 3029 (omnis
1384 2958 1492 3030 peregit

405 3045 505 3117 mare.)

668 3412 895 3478 Baceheleurei
919 3411 953 3477 in
972 3411 1049 3499 jure
1071 3414 1159 3478 civili

334 3601 504 3657 Conceditur
521 3604 557 3655 20
575 3600 671 3655 Martii
687 3600 801 3656 domino
820 3602 983 3658 Hammond
1001 3609 1033 3658 vt
1049 3603 1176 3660 studium
1194 3609 1210 3658 5
1228 3621 1366 3660 annorum
1385 3605 1414 3659 in
1431 3605 1491 3660 iure

404 3687 480 3744 ciuili
498 3704 563 3743 cum
581 3687 805 3759 oppositionibus
822 3689 1050 3760 responsionibus
1066 3694 1096 3745 et
1115 3690 1178 3746 eliis
1194 3692 1333 3746 exercitiis
1350 3709 1400 3762 per
1417 3693 1492 3764 mgis

404 3780 514 3832 statute
525 3775 669 3846 requisitis
681 3776 801 3831 sufficiet
813 3776 839 3831 ei
851 3775 888 3832 nd
900 3776 1065 3832 intrandum
1078 3777 1108 3832 in
1119 3778 1216 3833 eedem
1229 3777 1364 3834 sccultnte

332 3863 503 3920 Conceditur
517 3863 544 3934 vj
562 3863 643 3918 Junii
659 3867 692 3917 vt
707 3863 850 3934 responsio
864 3862 971 3918 domini
989 3863 1152 3919 Hammond
1168 3863 1198 3918 in
1215 3863 1275 3919 iure
1291 3865 1366 3919 civili
1383 3865 1490 3920 ratione

401 3952 505 4023 gradus
522 3949 694 4022 suscipiendi
711 3951 801 4022 possit
818 3950 923 4006 differri
941 3951 971 4006 in
992 3953 1120 4023 proxime
1137 3951 1251 4008 comitis
1269 3951 1314 4008 vel
1334 3953 1489 4023 proximem

402 4040 643 4114 quadragesimam
655 4037 709 4094 sub
721 4057 794 4112 pene
805 4039 857 4094 uls
916 4038 1086 4110 (Respondit
1098 4039 1128 4095 in
1140 4039 1186 4095 die
1198 4039 1376 4096 comitiorum
1390 4042 1489 4113 marg.)

333 4130 440 4199 Quarto
450 4130 469 4185 J
470 4129 521 4185 ulii
533 4127 727 4199 dispensatum
739 4130 783 4181 est
795 4142 860 4181 cum
872 4125 1008 4198 magistro
1024 4126 1187 4182 Hammond
1198 4126 1234 4182 de
1250 4144 1306 4182 non
1318 4127 1434 4199 legendo
1450 4129 1491 4184 sic

403 4222 435 4272 vt
446 4217 537 4272 solvet
548 4215 727 4271 vniuersiteti
739 4215 786 4287 xiij
796 4234 811 4271 s
822 4215 862 4286 iiij
871 4215 891 4270 d

332 4306 448 4362 Decimo
471 4311 571 4361 octevo
594 4304 702 4377 Aprilis
728 4304 924 4376 dispensatum
948 4309 993 4360 est
1016 4321 1082 4359 eum
1107 4303 1242 4376 magistro
1271 4302 1352 4377 Rydg
1375 4305 1410 4361 de
1434 4325 1491 4363 non

403 4392 518 4465 legendo
535 4393 575 4448 sio
593 4396 626 4447 vt
643 4393 735 4449 solvet
752 4393 934 4450 uniuersiteti
952 4411 1011 4448 us
