3344 5110
321 359 362 422 62
754 370 868 418 casca
890 371 983 419 soor
1006 373 1028 418 s
1311 355 1478 440 [1548-49

390 529 495 584 clerum
506 528 624 584 diceudo
636 546 729 584 coram
742 527 821 584 vobis
833 529 905 583 citra
915 528 1020 584 festum
1032 529 1159 584 omnium
1170 534 1332 585 sanctourm
1345 534 1375 586 et
1390 529 1477 585 tercio

389 616 426 673 ad
438 631 547 672 crucem
562 616 640 672 Pauli
653 617 774 672 sufficiat
785 617 811 672 ei
823 617 860 672 ad
872 616 1062 690 incipiendum
1075 617 1104 672 in
1116 635 1196 673 sacra
1207 617 1347 689 theologia

322 706 394 761 Item
407 705 569 760 conceditur
587 705 721 776 magistro
734 703 887 760 Olabrooke
904 710 935 760 vt
951 705 1078 760 studium
1095 705 1182 761 trium
1199 722 1337 762 annorum
1352 705 1382 760 iu
1397 705 1475 760 theo·

390 794 463 866 logia
483 797 548 864 post
567 793 629 849 eius
649 794 798 849 Introitum
819 794 848 849 in
870 793 955 850 libros
976 795 1181 850 sententiarum
1202 812 1258 850 vna
1278 811 1344 849 cum
1365 794 1475 850 duobus

390 881 564 938 sermonibus
587 899 643 937 vno
666 882 703 937 ad
730 882 835 938 olerum
859 883 1061 938 examinatorio
1084 883 1173 938 altero
1196 883 1232 939 ad
1256 901 1367 938 crucem
1396 881 1475 938 Pauli

320 1001 324 1008 ·
390 971 511 1026 sufficiat
528 971 554 1026 ei
572 971 608 1026 ad
626 970 817 1043 incipiendum
835 972 864 1026 in
882 989 962 1027 sacra
978 971 1118 1043 theologia

322 1060 394 1115 Item
407 1059 569 1114 conceditur
584 1059 675 1114 eidem
691 1059 824 1131 quoniam
836 1057 968 1114 omnibus
983 1059 1166 1114 concionandi
1181 1058 1300 1114 facultas
1312 1059 1475 1115 admittitur

390 1145 426 1202 ad
445 1147 580 1218 placitum
598 1147 688 1218 possit
705 1147 820 1202 admitti
837 1146 873 1202 ad
895 1147 1085 1218 incipiendum
1106 1148 1137 1202 io
1154 1165 1234 1203 sacra
1253 1148 1394 1219 theologia
1428 1149 1476 1203 Sic

389 1240 485 1291 mman
502 1235 577 1306 quod
594 1237 745 1307 impetrata
760 1234 942 1290 concionandi
960 1235 1095 1290 facultate
1106 1235 1316 1306 quamprimum
1331 1235 1476 1291 commoda

391 1325 495 1395 poterit
511 1323 672 1378 concionem
690 1323 721 1377 in
739 1339 867 1378 sermone
885 1321 973 1377 latim
989 1339 1082 1378 coram
1100 1321 1180 1378 vobis
1197 1321 1300 1378 habeat
1338 1323 1383 1378 Ita
1400 1321 1475 1394 quod

391 1428 447 1466 non
465 1409 632 1466 differantur
648 1411 794 1466 eommItia
811 1411 938 1484 proxime

481 1712 595 1779 Gratie
619 1711 706 1777 varie
729 1721 764 1776 et
786 1710 910 1775 nullam
934 1710 1069 1775 formam
1092 1719 1320 1776 concernentes

322 1901 356 1956 In
369 1903 468 1974 primis
479 1902 641 1958 conceditur
650 1906 682 1956 vt
693 1901 796 1972 singuli
808 1901 982 1973 presidentes
993 1901 1102 1974 possint
1114 1902 1232 1958 allocare
1240 1919 1376 1974 expensas
1386 1901 1476 1956 factas

392 1990 512 2046 londini
529 1991 558 2046 in
571 1989 691 2061 negociis
703 1990 804 2046 vestris
820 2007 870 2061 per
881 1989 1022 2045 doctorem
1037 1989 1146 2046 Madau
1158 1996 1188 2046 et
1201 1991 1356 2063 prefectum
1368 1988 1474 2060 collegii

390 2077 450 2133 dini
464 2077 539 2132 Petri
576 2077 622 2132 Sic
634 2078 709 2148 quod
722 2077 794 2133 ratio
805 2077 872 2133 inda
883 2077 1017 2134 reddatur
1029 2078 1102 2133 infra
1113 2083 1222 2150 septem
1234 2078 1295 2136 dies

321 2164 395 2220 Item
414 2165 577 2221 conceditur
597 2170 629 2221 vt
648 2167 768 2237 Segarus
789 2165 950 2238 Nyoholson
971 2167 1062 2238 possit
1080 2184 1141 2222 essa
1160 2184 1232 2223 vnus
1251 2167 1475 2240 appreciatorum

390 2253 450 2309 loco
470 2260 500 2311 et
519 2255 578 2310 vice
599 2253 737 2327 Rodolphi
761 2255 811 2310 Ive
832 2260 862 2310 et
882 2273 967 2327 soliar
988 2255 1040 2312 hac
1060 2261 1154 2311 vestra
1174 2257 1351 2313 concessione
1371 2255 1475 2311 habeat

391 2341 487 2398 ilteras
505 2343 641 2414 sigillatus
658 2343 749 2414 sigillo
766 2343 909 2398 communi

321 2431 396 2486 Item
408 2430 572 2486 conceditur
580 2437 612 2486 vt
623 2437 782 2504 postremus
791 2431 1036 2488 determinacionis
1047 2431 1108 2488 dies
1119 2431 1301 2488 celebrandus
1313 2450 1363 2508 per
1374 2431 1474 2500 magis-

391 2523 468 2573 trum
486 2519 629 2574 Bamarde
646 2525 756 2590 petrem
774 2518 820 2573 die
836 2519 915 2574 Jovis
933 2519 1060 2590 proximo
1077 2517 1216 2574 habeatur
1233 2520 1274 2574 sic
1291 2537 1325 2573 ea
1341 2519 1403 2590 ipsa
1420 2517 1475 2572 dis

391 2607 505 2678 putacio
518 2611 576 2662 stet
592 2625 642 2678 pro
654 2606 778 2662 eiirsdem
794 2606 987 2678 disputacione
1002 2607 1137 2679 adquam
1154 2611 1266 2663 tenetur
1280 2607 1327 2663 die
1344 2605 1475 2662 Mercurii

392 2693 574 2765 subsequenti
586 2712 638 2749 nec
649 2693 730 2749 cedat
742 2695 772 2750 in
783 2694 968 2766 preiudicium
982 2694 1152 2750 bedellorum

323 2783 397 2838 Item
412 2781 573 2837 conceditur
591 2787 624 2838 ut
640 2783 774 2853 magister
789 2783 955 2838 Sirerwoode
973 2784 1063 2855 possit
1079 2783 1181 2839 habere
1192 2784 1289 2838 literas
1304 2801 1397 2838 annue
1410 2799 1475 2854 pen·

393 2869 480 2924 sionis
497 2887 548 2924 sue
564 2887 615 2940 per
631 2869 716 2941 Regio
735 2870 894 2926 Maiestatis
910 2871 1088 2926 visitatorum
1104 2869 1248 2927 decretum
1265 2870 1318 2927 sibi
1335 2872 1476 2942 assignate

392 2957 483 3028 sigillo
494 2964 587 3012 vestro
601 2959 744 3014 communi
760 2957 923 3029 obsignatus
934 2958 1018 3015 modo
1033 2960 1112 3031 prius
1126 2959 1322 3015 examinentur
1333 2965 1363 3015 et
1375 2977 1474 3032 appro-

393 3045 496 3101 bentur
507 3063 557 3118 per
567 3046 713 3102 dominum
726 3048 981 3105 vicscuioellarium
993 3049 1121 3105 doctores
1134 3049 1259 3106 Madewa
1269 3055 1299 3104 et
1312 3049 1433 3105 Haddon

322 3201 397 3258 Item
412 3201 575 3258 conceditur
592 3206 624 3258 vt
641 3203 774 3274 quoniam
793 3222 875 3259 nemo
892 3205 1155 3261 bacohslaureorum
1173 3206 1203 3261 in
1221 3205 1360 3277 theologis
1377 3205 1413 3261 ad
1434 3222 1475 3259 re·

391 3289 585 3363 spondendum
602 3291 631 3346 in
642 3290 690 3347 die
701 3291 908 3346 commitiorum
921 3293 1012 3363 parari
1030 3293 1121 3364 possit
1132 3293 1185 3348 hoe
1197 3295 1321 3348 muneris
1332 3292 1476 3363 abaliquo

391 3379 526 3450 magistro
543 3379 572 3433 in
591 3377 701 3434 artibus
719 3381 810 3452 possit
828 3380 952 3452 suppleri
971 3380 1013 3436 ita
1029 3385 1061 3435 vt
1078 3381 1129 3436 hec
1147 3382 1209 3452 ipsa
1225 3381 1369 3453 responsio
1386 3381 1476 3453 possit

390 3466 431 3522 illi
446 3485 506 3522 esse
521 3467 581 3522 loco
594 3473 625 3524 et
640 3468 701 3524 vice
716 3469 906 3540 responsionis
924 3487 974 3540 per
989 3473 1099 3525 statuta
1114 3470 1250 3542 requisita
1267 3470 1292 3526 si
1310 3469 1424 3543 quando
1438 3469 1475 3526 ad

389 3553 506 3627 gradum
519 3553 767 3613 bacchalatu’eatus
779 3557 809 3612 in
821 3557 961 3628 theologis
972 3557 1097 3630 aspirare
1109 3557 1178 3614 velit

787 3786 829 3852 In
851 3785 1013 3852 medicina

321 3973 396 4028 Item
410 3972 573 4029 conceditur
587 3972 709 4028 Roberto
728 3972 847 4045 Bentley
859 3978 891 4026 vt
908 3969 1036 4027 studium
1048 3973 1078 4025 et
1094 3969 1218 4043 practica
1228 3967 1376 4024 duodecim
1388 3985 1474 4023 anno·

391 4077 455 4116 rum
467 4060 497 4116 in
510 4060 657 4116 medicinis
664 4065 694 4116 et
705 4061 847 4132 chIrurgia
858 4060 1034 4116 sufficiantei
1046 4059 1082 4114 ad
1094 4057 1305 4132 practicandum
1317 4057 1347 4112 in
1359 4056 1474 4112 eiisdem

391 4150 430 4205 Et
448 4149 533 4204 huius
552 4155 645 4204 vestre
665 4149 852 4205 concessionis
873 4147 976 4204 habeat
995 4147 1093 4203 literas
1113 4146 1249 4218 sigillatas
1269 4145 1360 4216 sigillo
1381 4150 1475 4201 vestro

390 4236 532 4292 communi
554 4235 636 4292 modo
654 4237 715 4292 eius
732 4235 920 4292 amdicionem
940 4236 1019 4308 prius
1036 4233 1257 4307 approbauerint
1272 4232 1330 4289 duo
1346 4232 1476 4290 doctores

390 4324 515 4381 eiusdem
532 4325 677 4380 facultatis
693 4329 723 4380 et
739 4329 771 4380 vt
786 4324 958 4380 admittatur
969 4323 1029 4380 slue
1042 4324 1071 4378 iu
1084 4323 1205 4378 termino
1216 4321 1277 4376 siue
1289 4327 1368 4377 extra
1378 4323 1474 4378 termi-

390 4429 460 4468 num
472 4411 696 4484 quandocunque
708 4413 816 4468 venerit
