3408 5116
200 366 361 448 1581-82]
626 377 739 426 onnon
761 375 854 424 soon
877 374 899 423 o

519 868 677 933 Doctores
698 867 733 931 in
756 888 846 931 sacre
868 865 1034 952 theologia

198 1071 368 1126 Conceditur
391 1074 424 1126 19
447 1069 523 1126 Maii.
536 1070 671 1140 magistro
695 1068 776 1124 Edm.
800 1067 911 1122 Hound·
926 1073 959 1122 vt
979 1066 1107 1123 studium
1128 1071 1145 1121 5
1166 1082 1303 1120 annorum
1324 1064 1355 1118 in

269 1159 408 1230 theologia
431 1163 497 1230 post
519 1158 638 1229 gredum
662 1157 910 1214 beceheleurestus
932 1155 963 1210 in
986 1155 1084 1211 eedem
1107 1159 1269 1225 susceptum
1290 1169 1355 1208 eum

269 1246 494 1318 opposicionibus
524 1245 752 1317 responsionibus
781 1243 957 1300 sermonibus
986 1247 1016 1300 et
1045 1243 1109 1298 eliis
1138 1241 1278 1298 exercitiis
1306 1259 1356 1313 per

269 1340 379 1392 statute
396 1335 541 1406 requisitis
559 1333 681 1390 sufficiet
698 1333 723 1390 ei
742 1332 776 1389 sd
796 1331 986 1404 incipiendum
1004 1331 1034 1386 in
1052 1347 1131 1386 secra
1148 1330 1287 1400 theologia

200 1425 415 1494 Esdomgrstis
433 1423 595 1480 conceditur
613 1428 647 1478 25
667 1423 735 1478 Maii
753 1423 888 1493 magistro
906 1422 949 1477 Jo.
969 1421 1089 1493 Copcott

199 1511 368 1567 Conceditur
389 1515 406 1566 8
424 1511 504 1567 Junii
526 1511 660 1582 magistro
680 1511 769 1567 mer.
790 1509 911 1582 Tyndoll
930 1515 963 1564 vt
982 1509 1109 1564 studium
1131 1512 1304 1563 bannorum
1325 1508 1355 1562 in

270 1600 410 1671 theologia
434 1604 498 1670 post
522 1600 640 1670 gradum
665 1599 912 1654 becchaleureetus
937 1599 966 1653 in
990 1597 1087 1652 eedem
1108 1601 1270 1667 susceptum
1291 1614 1355 1651 oum

271 1686 497 1759 opposicionibus
517 1685 694 1743 sermonibus
715 1691 745 1742 et
765 1705 823 1742 vna
842 1685 1022 1758 responsione
1042 1686 1073 1740 in
1094 1685 1227 1756 vesperiis
1248 1685 1355 1740 comiti-

270 1793 351 1831 orum
372 1781 402 1830 et
423 1776 486 1830 eliis
507 1775 647 1832 exercitiis
670 1793 721 1846 per
740 1779 852 1830 statute
872 1775 948 1845 regis
968 1773 1112 1845 requisitis
1132 1773 1253 1828 sufficiet
1273 1773 1299 1828 ei
1320 1772 1356 1827 od

270 1863 460 1936 incipiendum
479 1865 509 1918 in
527 1882 607 1920 suere
625 1863 764 1934 theologie

564 2268 652 2334 Ordo
675 2267 876 2335 senioritstis
898 2291 1000 2354 uterq.

521 2463 641 2534 Tyndell
922 2464 1043 2536 Copoote

523 2550 627 2606 Hound

453 2972 681 3058 incorporatus
705 2974 737 3036 in
763 2973 927 3058 theologie
949 2984 983 3037 et
1005 2973 1115 3039 doctor

206 3167 375 3221 Conceditur
398 3171 415 3220 8
438 3167 600 3222 Decembris
624 3167 758 3238 magistro
781 3169 825 3222 Jo.
852 3169 1008 3240 Brownyng
1028 3175 1061 3224 vt
1084 3170 1123 3224 sit
1146 3171 1192 3224 hio
1216 3169 1292 3242 apud·
1312 3189 1362 3226 vos

276 3256 390 3311 eiisdem
409 3257 469 3311 loco
487 3257 585 3312 ordine
603 3262 632 3312 et
649 3256 737 3328 gradu
756 3256 860 3328 quibus
877 3263 922 3312 est
939 3259 1015 3330 apud
1034 3258 1205 3314 Oxonienses

207 3342 377 3397 Conceditur
398 3346 431 3399 27
451 3342 531 3398 Junii
551 3348 583 3398 vt
604 3344 737 3414 magister
755 3343 853 3398 doctor
874 3345 956 3400 Some
975 3345 1065 3416 possit
1084 3345 1171 3399 creari
1190 3351 1220 3399 et
1239 3345 1363 3416 occipere
1376 3345 1397 3403 f.
1417 3345 1504 3403 1371]
1614 3395 1617 3402 .

278 3432 398 3502 insignia
418 3431 582 3487 doctoratus
604 3433 633 3487 in
655 3432 758 3488 scholis
782 3433 902 3504 publicis
923 3439 952 3488 et
972 3451 1034 3490 esm
1055 3437 1151 3489 tenere
1171 3434 1362 3491 senioritstem

279 3537 364 3591 quem
383 3521 412 3575 in
431 3521 553 3592 presenti
573 3521 658 3576 hebet

553 3923 782 4008 Incorporatus
805 3923 838 3986 in
863 3923 1022 3986 medicina

211 4117 381 4172 Conceditur
399 4121 432 4174 27
451 4116 581 4172 Octobris
601 4124 632 4173 vt
650 4119 784 4188 magister
801 4119 869 4173 Tho.
891 4119 991 4175 Muffet
1009 4121 1039 4175 in
1057 4121 1200 4176 academie
1220 4123 1366 4178 Besiliensi

282 4204 419 4259 medicine
438 4204 536 4261 doctor
555 4207 593 4260 sit
613 4207 658 4261 hic
677 4206 753 4278 apud
771 4225 820 4262 vos
840 4207 870 4261 in
890 4207 1005 4262 hiisdem
1025 4208 1113 4279 gredu
1132 4209 1229 4264 ordine
1247 4215 1276 4265 et
1293 4229 1367 4266 enno

281 4291 385 4362 quibus
404 4292 459 4346 fuit
477 4297 507 4348 et
524 4298 568 4348 cst
587 4295 616 4348 in
634 4294 711 4348 dicto
729 4295 871 4350 academie
891 4295 1038 4351 Besiliensi
1058 4297 1148 4353 sicvt
1167 4298 1247 4354 litere
1265 4301 1369 4370 medus

283 4379 363 4451 prius
380 4379 517 4451 legentur
527 4382 557 4436 in
575 4387 675 4436 senatu

1085 4461 1092 4468 ⁸
1174 4461 1288 4562 ''ie-s
