3408 5116
397 343 462 406 340
830 357 944 406 caron
967 357 1058 405 soon
1082 360 1105 404 Δ
1387 325 1553 424 [1580-81

254 501 351 564 ἱ133
366 521 384 562 a
397 511 569 567 Conceditur
592 517 621 565 5⁰
644 511 714 566 Julii
736 511 871 582 magistro
894 511 987 584 Philip
1009 511 1066 583 Bys
1087 511 1117 565 in
1138 511 1282 566 academia
1302 510 1453 567 Oxoniensi
1477 529 1557 566 sacre

232 587 236 594 ¹
467 601 605 672 theologie
617 601 765 672 professori
778 601 912 671 magistro
928 600 947 656 J
948 599 1033 655 scobo
1049 601 1105 672 Bye
1120 599 1253 668 magistro
1269 599 1337 654 Tho.
1354 599 1441 654 Stone
1456 599 1556 655 Owino

467 688 542 759 Glyn
553 688 706 758 Reginaldo
716 689 809 759 Byllet
819 689 939 743 Ricardo
948 688 1140 760 Feyerolowth
1151 688 1275 742 Martino
1284 687 1357 742 Etcn
1368 686 1386 741 J
1387 706 1411 742 ο.
1423 687 1555 758 Wymbe·

467 776 549 832 burst
565 775 635 831 Tho.
653 775 770 831 Weldon
790 776 890 846 Egidio
905 777 1027 832 Tomson
1045 775 1093 830 W⁰
1109 776 1201 845 Ceger
1217 775 1324 845 Rogcro
1342 774 1508 832 Bredshswe
1524 777 1556 831 in

467 864 611 920 ecsdemia
629 864 780 921 Oxoniensi
799 865 828 919 iu
847 864 957 920 ertibue
976 863 1119 935 megistn‘s
1137 865 1234 919 Franc-
1254 863 1382 920 Bevsnce
1399 863 1429 919 in
1446 864 1556 935 legibus

467 951 667 1008 becchsleureo
684 960 713 1007 et
728 953 853 1008 Cersono
867 952 955 1008 Devis
971 953 1000 1006 in
1017 951 1094 1010 dicte
1109 951 1252 1007 academie
1267 951 1298 1006 in
1314 950 1423 1007 artibus
1438 950 1555 1008 bacche

466 1041 562 1096 leureo
574 1044 606 1094 vt
617 1041 678 1096 sint
688 1041 735 1095 hio
751 1040 827 1111 apud
844 1057 893 1096 voe
909 1041 939 1095 in
956 1040 1071 1096 eiiedem
1088 1040 1177 1112 gradu
1193 1039 1290 1095 ordine
1307 1043 1337 1094 et
1352 1040 1435 1095 annis
1451 1039 1556 1110 quibus

467 1130 583 1184 hiemint
594 1129 623 1184 in
635 1129 713 1184 dicte
725 1129 876 1184 Oxoniensi
889 1129 1031 1184 academia

397 1215 567 1272 Conceditur
578 1215 596 1269 J
598 1215 648 1270 ulii
661 1217 712 1287 vjs
723 1222 756 1270 vt
768 1215 1002 1270 honoratissimus
1015 1215 1157 1271 Robertus
1169 1215 1270 1271 Comes
1284 1215 1320 1271 de
1334 1215 1422 1271 Essex
1437 1219 1468 1270 et
1482 1216 1556 1270 Evia

467 1304 620 1358 vicecomes
643 1302 679 1358 de
704 1303 869 1358 Hereiordie
895 1303 1028 1358 dominus
1057 1303 1169 1358 renero
1192 1302 1227 1358 de
1251 1302 1394 1359 Chertleio
1423 1301 1555 1359 dominus

468 1391 658 1462 Bourghchier
677 1397 707 1446 et
727 1390 763 1446 de
784 1391 908 1447 Lovanio
929 1394 1076 1461 cooptetur
1100 1391 1128 1445 in
1153 1391 1279 1446 ordinem
1304 1391 1502 1463 magistrorum
1523 1391 1554 1446 iu

467 1477 577 1534 artibus
589 1479 629 1533 sic
642 1483 674 1534 vt
686 1496 741 1534 uon
755 1484 881 1534 arctetur
892 1478 929 1533 ad
941 1478 1065 1549 eliquem
1082 1479 1267 1533 ceremoniam
1283 1479 1397 1535 solitam
1412 1478 1553 1535 observari

466 1565 504 1620 ab
512 1564 714 1636 incipientibus
722 1567 751 1620 in
761 1565 859 1621 eedem
869 1565 1003 1620 facultate
1011 1564 1060 1620 sed
1070 1571 1183 1620 tentum
1192 1565 1363 1626 admittatur
1371 1565 1407 1621 ad
1417 1567 1552 1638 placitum

467 1655 507 1708 sic
518 1657 551 1708 vt
562 1654 623 1708 eius
634 1653 769 1709 edmiesio
781 1658 839 1708 etet
851 1653 876 1708 ei
889 1671 941 1724 pro
953 1653 1101 1724 completis
1115 1652 1203 1723 gredu
1216 1657 1245 1707 et
1258 1654 1349 1709 forme
1362 1663 1391 1708 et
1404 1655 1555 1725 promittet

467 1742 674 1798 observantiam
698 1742 906 1813 privilegiorum
930 1747 960 1796 et
983 1740 1218 1797 consuetudinum
1246 1742 1331 1798 huius
1361 1742 1555 1798 vniuersitstie

467 1829 685 1903 approbatorum

746 2221 964 2286 Practicentes
987 2221 1022 2286 in
1045 2221 1206 2308 medicine

397 2407 567 2464 Conceditur
578 2408 687 2468 declino
699 2408 796 2464 Martii
809 2409 943 2479 magistro
956 2409 1064 2464 Thome
1076 2409 1210 2464 Turswell
1223 2413 1255 2463 vt
1267 2408 1394 2464 studium
1406 2427 1454 2464 sex
1465 2426 1552 2464 enno·

467 2514 530 2551 inm
544 2496 572 2551 in
585 2497 725 2552 medicine
737 2501 887 2567 postorum
900 2497 1004 2552 rexerit
1015 2497 1045 2551 in
1058 2496 1167 2551 artibus
1179 2497 1299 2551 sufficiat
1311 2497 1337 2551 ei
1349 2496 1386 2552 ed
1398 2497 1553 2568 practicen-

466 2582 535 2638 dum
547 2583 577 2638 in
589 2583 687 2639 eedem
700 2584 741 2638 ite
754 2589 849 2638 tamen
859 2587 891 2637 vt
900 2584 960 2639 eius
969 2585 1093 2654 cognicio
1103 2588 1132 2638 et
1141 2583 1265 2639 erudicio
1273 2584 1352 2656 prius
1361 2583 1553 2656 approbentur

467 2687 517 2742 per
532 2670 674 2727 doctorem
693 2671 794 2727 Warde
810 2679 840 2726 et
856 2689 906 2743 per
925 2674 1018 2743 ipsum
1037 2676 1216 2743 presentetur
1234 2677 1264 2726 et
1282 2689 1368 2743 super
1387 2672 1439 2727 hec
1458 2676 1554 2728 vestre

467 2753 643 2813 concessione
655 2759 751 2814 literas
763 2759 867 2814 habest
879 2759 1016 2830 sigillatas
1028 2760 1120 2830 sigillo
1133 2766 1226 2815 vestro
1239 2745 1380 2814 communi

397 2844 567 2901 Conceditur
580 2850 613 2900 lt
625 2846 733 2917 Aprilis
744 2846 762 2902 J
764 2846 850 2901 ecobo
863 2847 986 2902 Gosnold
999 2851 1031 2902 vt
1043 2846 1169 2902 studium
1184 2851 1218 2901 10
1226 2863 1364 2902 annorum
1374 2847 1404 2902 iu
1414 2846 1554 2904 medicine

466 2933 588 2988 sufficiet
599 2934 625 2989 ei
638 2933 675 2989 ed
687 2935 900 3006 practicendum
914 2936 943 2990 in
956 2935 1055 2990 eadem
1067 2936 1202 2990 facultate
1215 2935 1255 2990 sic
1269 2941 1299 2990 vt
1311 2936 1372 2990 eius
1385 2937 1506 3007 cognitio
1522 2943 1553 2994 et

466 3020 587 3076 eruditio
607 3022 686 3092 prius
706 3023 902 3078 examinentur
925 3032 955 3078 et
978 3022 1170 3094 approbentur
1193 3040 1243 3094 per
1266 3022 1394 3078 doctores
1415 3023 1501 3080 Werd
1522 3031 1554 3080 et

467 3107 579 3179 Doding
589 3114 619 3162 et
631 3127 681 3180 per
692 3127 780 3165 vnum
792 3128 889 3165 eorum
899 3115 1076 3182 presentetur
1087 3111 1117 3165 in
1130 3110 1214 3182 plene
1223 3112 1437 3181 congregecione
1447 3112 1553 3183 Regen-

466 3196 540 3250 tium
560 3196 675 3251 domino
693 3199 908 3268 procencellario
926 3203 955 3253 et
973 3217 1058 3270 super
1075 3199 1129 3253 hec
1147 3203 1242 3253 vestra
1260 3199 1438 3254 concessione
1455 3200 1553 3255 literas

466 3284 569 3342 hebest
581 3285 718 3356 sigillatae
730 3285 821 3357 sigillo
833 3291 928 3343 vestro
940 3286 1082 3342 communi

774 3749 929 3813 Doctores
952 3748 987 3812 in
1002 3747 1171 3846 'medicine

394 3937 564 3994 Conceditur
580 3941 614 3991 10
629 3934 759 3992 Octobris
779 3937 913 4006 magistro
932 3935 980 3990 W⁰
1000 3935 1098 4008 Lakyn
1120 3941 1152 3991 vt
1173 3937 1299 3993 studium
1322 3939 1338 3994 7
1358 3955 1498 3994 annorum
1521 3939 1551 3993 in

464 4024 602 4081 medicine
613 4029 765 4097 postquam
778 4025 880 4079 rexerit
893 4024 922 4079 in
934 4022 1044 4078 artibus
1055 4042 1119 4079 cum
1130 4027 1355 4097 opposicionibus
1364 4027 1552 4098 responsioni-

463 4114 516 4169 bus
528 4113 646 4185 aliisque
657 4112 797 4168 exercitiis
808 4131 859 4184 per
870 4117 979 4168 statute
991 4113 1135 4183 requisitis
1146 4114 1268 4169 sufficiet
1278 4115 1302 4170 ei
1312 4113 1348 4169 ed
1359 4112 1552 4186 incipiendum

392 4219 499 4348 Eedeldr
505 4201 799 4362 mgercdliinbonceditur
822 4289 920 4345 eodem
945 4290 1079 4361 magistro
1102 4289 1146 4345 Jo.
1172 4290 1292 4363 Bredley
1361 4294 1396 4346 28
1420 4292 1553 4350 Jenuerii

462 4379 596 4450 magistro
614 4379 690 4451 Step.
711 4379 793 4433 Peere
