3376 5108
753 322 867 373 cales
890 321 982 374 aeon
1006 327 1027 372 Δ
1300 309 1466 395 [1552-53

376 483 501 540 Madewe
530 483 633 538 Mowse
661 483 764 555 Blythe
792 484 919 554 magistri
951 484 1067 557 Wylkes
1097 485 1254 556 Perpoynte
1283 485 1466 557 Sedgeswykc

376 573 504 644 Maptytt
523 573 626 628 Person
644 577 674 627 et
691 577 885 644 procuratores
903 573 1027 628 habeant
1045 574 1247 629 authoritatem
1268 581 1392 630 vestram
1408 591 1464 628 non

374 661 466 717 solum
478 660 644 732 inspiciendi
656 665 687 716 et
698 660 876 716 examinandi
890 661 1032 732 predictas
1043 669 1137 717 cartas
1155 666 1185 718 et
1196 662 1353 718 evidentias
1365 681 1463 718 verum

374 751 460 804 etiam
485 755 517 804 vt
543 767 591 804 eas
614 767 711 804 omnes
735 767 791 820 que
814 768 865 822 pro
889 748 1068 806 libertatibus
1092 750 1253 806 achademie
1277 751 1390 806 tuendis
1413 757 1464 806 aut

372 838 498 895 eiusdem
515 837 623 909 legibus
640 837 838 893 conservandis
855 839 945 894 lacere
963 839 1020 894 vllo
1038 839 1121 894 modo
1140 844 1281 911 queunte
1297 840 1414 912 pulvere
1431 841 1461 894 in

372 927 464 984 lucem
476 945 604 982 revocare
616 934 645 983 et
658 928 686 982 in
700 945 787 983 vnum
799 925 904 983 librum
920 928 1043 999 redigere
1059 929 1170 1000 possint
1206 929 1352 1000 Simulque
1370 933 1462 999 potes-

373 1021 463 1072 tatem
480 1015 603 1072 habeant
621 1015 788 1088 inspiciendi
807 1020 836 1070 et
854 1016 1032 1071 examinandi
1054 1021 1149 1072 vetera
1170 1016 1333 1072 achademie
1351 1020 1462 1073 statuta

372 1121 429 1176 que
440 1105 470 1160 in
482 1104 562 1160 libris
575 1108 787 1176 procuratorum
803 1103 1020 1160 conscribuntur
1037 1110 1070 1158 vt
1081 1121 1137 1174 que
1152 1103 1284 1176 ambigua
1298 1109 1327 1159 et
1343 1105 1462 1160 obscura

373 1193 432 1248 sint
455 1192 606 1265 explanent
629 1197 659 1246 et
683 1192 906 1263 interpretentur
931 1210 987 1263 que
1013 1194 1163 1264 antiquata
1186 1194 1322 1264 abrogent
1349 1199 1379 1249 et
1406 1212 1462 1266 que

372 1281 520 1337 retinenda
531 1282 561 1336 in
575 1280 680 1336 librum
695 1299 782 1336 vnum
798 1280 931 1351 colligant
967 1282 1005 1336 Et
1021 1282 1156 1353 quicquid
1173 1284 1263 1338 maior
1278 1301 1343 1356 pars
1359 1283 1461 1339 horum

371 1371 526 1426 decreuerit
538 1373 633 1425 vestra
644 1369 819 1424 authoritate
831 1387 882 1442 pro
894 1375 956 1426 rato
968 1371 1108 1427 habeatur

303 1458 377 1514 Item
393 1457 556 1513 conceditur
571 1462 603 1511 vt
619 1455 785 1512 collaciones
800 1458 978 1529 quamndam
996 1459 1178 1530 pecuniarum
1197 1465 1227 1515 et
1244 1459 1461 1516 distribuciones

372 1545 524 1602 earumdem
536 1564 587 1618 per
598 1547 765 1617 magistrum
778 1546 932 1602 Chambers
944 1549 973 1602 in
986 1566 1068 1603 veum
1081 1549 1258 1606 studentium
1273 1549 1357 1604 istius
1369 1549 1459 1602 Acha-

372 1637 464 1692 demie
487 1635 640 1691 examinari
665 1636 775 1707 possint
800 1653 850 1707 per
873 1636 1018 1692 dominum
1043 1638 1290 1708 procancellarium
1312 1637 1461 1708 magistros

373 1724 536 1796 Segeswyke
553 1723 696 1779 Ascheton
720 1728 750 1776 et
771 1721 856 1778 Gerre
879 1724 986 1795 collegii
1010 1725 1161 1780 Trinitatis
1184 1731 1214 1779 et
1237 1729 1387 1796 postquam
1412 1741 1461 1794 per

372 1811 484 1867 eosdem
495 1809 650 1882 approbate
661 1811 769 1866 fuerint
780 1811 943 1866 certificatio
956 1811 1039 1866 modo
1055 1829 1148 1866 coram
1165 1812 1245 1867 vobis
1261 1813 1334 1867 lecta
1345 1811 1459 1882 sigillari

372 1901 462 1973 possit
473 1901 566 1972 sigillo
577 1905 671 1956 vestro
682 1901 825 1956 communi

303 1991 377 2046 Item
395 1995 557 2062 acceptatur
574 1991 750 2045 renunciatio
768 1979 895 2060 magistri
915 1989 985 2045 Yale
1004 1990 1121 2046 iunioris
1142 1992 1332 2063 procuratoris
1350 1997 1380 2046 et
1396 2007 1460 2045 con·

372 2077 482 2132 ceditur
493 2080 525 2132 vt
536 2077 703 2148 procedatur
714 2077 751 2134 ad
768 2095 869 2134 novam
888 2077 1052 2134 electionem
1064 2079 1144 2135 iuxta
1156 2079 1275 2134 formam
1287 2083 1458 2134 statutorum

373 2167 404 2221 in
416 2165 469 2220 hac
481 2171 561 2237 parte

303 2255 378 2312 Item
390 2255 553 2311 conceditur
565 2261 597 2309 vt
608 2256 742 2326 magister
756 2254 866 2327 Parkyn
881 2255 1002 2310 vicarius
1018 2255 1053 2312 de
1070 2255 1189 2311 Burnell
1204 2255 1338 2326 quoniam
1351 2256 1460 2312 mansio

372 2346 443 2400 satis
454 2347 522 2416 apta
533 2349 563 2399 et
575 2343 675 2400 idonea
690 2343 763 2399 infra
779 2345 928 2400 rectoriam
944 2343 1050 2400 ibidem
1063 2347 1088 2400 ei
1105 2345 1242 2416 assignari
1258 2362 1315 2400 non
1330 2349 1425 2416 potest
1442 2361 1459 2399 a

373 2435 452 2489 vohis
470 2451 504 2489 ex
521 2433 618 2489 aerario
636 2438 729 2488 vestro
747 2432 860 2504 publico
879 2434 1020 2506 percipere
1040 2435 1129 2505 possit
1148 2434 1297 2490 annuatim
1316 2433 1366 2504 vjs
1384 2433 1458 2504 viijd

372 2540 460 2595 seque
477 2522 546 2578 dum
569 2523 659 2578 eidem
683 2523 767 2578 aliter
791 2523 973 2594 provideatur
996 2529 1047 2579 aut
1072 2524 1173 2580 vestris
1197 2522 1354 2596 prudentiis
1378 2523 1460 2578 aliter

372 2614 464 2669 visum
482 2613 568 2669 luerit

302 2701 376 2756 Item
393 2700 458 2755 itis
472 2698 610 2771 paunted
626 2699 656 2771 yt
674 2699 725 2754 Mn
743 2699 839 2754 Balron
859 2700 1040 2773 Segeswycke
1058 2699 1178 2772 Maptltt
1196 2701 1220 2756 ιι
1241 2699 1356 2772 Mytche
1374 2698 1457 2754 shuld

372 2788 441 2860 ryde
457 2791 525 2842 vnto
543 2786 750 2858 Frumyugham
767 2791 798 2842 ιο
816 2787 865 2842 the
880 2792 977 2844 courte
994 2791 1024 2842 to
1042 2804 1107 2859 cary
1119 2787 1217 2842 lettres
1235 2791 1305 2842 vnto
1322 2795 1352 2859 γ’
1368 2805 1459 2858 quone

372 2893 420 2947 my
431 2874 508 2930 lorde
521 2874 711 2930 Wentworthe
723 2875 769 2930 sir
781 2875 903 2931 Thomas
915 2875 1100 2936 Comewahes
1111 2875 1134 2930 de
1145 2877 1186 2931 Mr
1196 2875 1348 2932 Roohester
1359 2876 1382 2930 dc
1394 2876 1458 2931 thet

373 2964 431 3019 thei
449 2961 532 3017 ehuld
551 2962 586 3017 be
603 2962 759 3035 conceyved
777 2963 800 3018 h
818 2968 924 3035 uryten
941 2963 979 3035 by
993 2963 1043 3018 Μ’·
1059 2963 1240 3036 Segeewycke
1257 2963 1342 3020 cam
1356 2964 1458 3036 Taylor

373 3051 503 3123 (Christi)
514 3056 545 3105 et
557 3050 682 3106 Meheue

302 3143 376 3198 Item
388 3141 413 3196 it
424 3141 449 3196 is
460 3139 597 3211 gruunted
610 3141 639 3212 γι
651 3140 833 3211 thargument
845 3141 877 3196 ol
891 3150 922 3213 y⁰
941 3140 1039 3196 lettres
1051 3145 1082 3196 to
1097 3149 1128 3214 y⁶
1139 3158 1245 3211 quenes
1260 3157 1342 3212 grace
1359 3140 1459 3196 shulde

371 3231 407 3286 be
421 3229 611 3301 gratulatorye
627 3229 651 3284 ιι
667 3234 717 3284 not
732 3234 763 3285 ιο
779 3230 888 3302 imputa
906 3230 1044 3286 thoffence
1061 3230 1093 3284 ol
1107 3239 1138 3300 γ’
1155 3247 1266 3286 sermon
1284 3234 1314 3285 to
1331 3230 1381 3285 the
1394 3230 1458 3285 hole

372 3318 536 3374 uniuersitie
547 3335 579 3372 or
590 3335 646 3389 any
659 3317 741 3372 other

302 3411 376 3466 Item
394 3410 418 3464 it
436 3409 461 3464 is
481 3407 618 3479 grauuted
641 3410 672 3480 y2
694 3407 733 3480 by
753 3424 824 3480 your
847 3407 1002 3479 euthoryty
1027 3408 1056 3478 yt
1081 3407 1132 3462 Mn
1156 3407 1253 3462 Bekon
1279 3407 1457 3480 Segeewycke

372 3496 500 3570 Maptytt
514 3495 571 3551 and
587 3495 689 3568 Myche
705 3495 805 3567 myght
820 3513 855 3566 go
873 3500 904 3551 ιο
920 3505 951 3567 y³
967 3499 1064 3550 courte
1079 3494 1129 3550 ull
1145 3495 1244 3550 lettres
1259 3499 1290 3550 ιο
1304 3505 1335 3567 y⁸
1351 3513 1457 3567 quenes

370 3602 450 3658 grace
462 3601 510 3657 my
522 3584 599 3640 lorde
610 3584 787 3639 Wentlorthe
800 3584 846 3638 Sir
854 3582 977 3638 Thomas
986 3582 1172 3655 Comeuallys
1181 3582 1237 3637 and
1255 3582 1296 3636 Ma
1306 3583 1458 3638 Rochester
