3376 5108
181 331 346 416 1561-62]
617 349 730 398 aaron
752 350 844 398 eoos
867 351 890 398 Δ
1275 332 1336 400 157

180 497 350 555 Conceditur
362 501 380 555 t
394 499 413 554 J
415 499 466 554 ulii
483 501 617 571 magistro
634 501 786 557 Valentino
803 501 874 558 Dele
887 502 917 557 in
934 501 1077 556 academia
1093 501 1251 556 Aureliansi
1264 499 1369 573 jurisf.
1387 500 1454 558 toa

250 585 341 642 civilis
357 586 463 642 doctori
481 592 513 642 vt
530 588 570 643 eit
587 589 634 644 hic
651 590 727 662 apud
746 607 796 646 vos
813 590 843 645 in
861 589 977 645 1111111111
995 590 1084 660 gradu
1102 589 1199 645 ordine
1216 593 1246 644 ct
1263 606 1337 644 anno

249 674 353 746 quibus
370 675 427 732 fuit
444 675 474 731 in
492 676 569 732 dicta
586 677 730 734 academia

521 1011 753 1077 Bacchalanrei
775 1010 808 1075 in
833 1011 997 1097 theologia

178 1217 223 1290 xvj
237 1218 269 1273 ol
284 1217 429 1273 Decembr.
442 1235 524 1290 maye
536 1219 560 1273 it
571 1218 665 1290 please
680 1236 742 1290 yow
754 1218 819 1292 that
831 1218 922 1274 where
938 1228 979 1273 m³
990 1219 1070 1290 Dayc
1086 1220 1110 1274 is
1124 1218 1257 1290 eodenlye
1273 1225 1338 1274 sent

250 1306 293 1361 lor
304 1309 354 1360 out
370 1306 402 1360 of
416 1305 615 1362 thuniuereitie
627 1305 684 1362 and
701 1307 766 1362 thet
780 1305 817 1361 he
832 1305 919 1361 hatho
934 1306 1007 1361 done
1019 1306 1068 1362 the
1079 1311 1155 1362 most
1166 1311 1231 1378 pert
1247 1306 1279 1362 ol
1293 1307 1338 1362 his

250 1399 326 1450 actes
338 1394 402 1450 that
415 1395 450 1449 he
462 1412 528 1467 may
540 1395 612 1451 have
623 1413 641 1450 a
652 1413 732 1466 grace
744 1395 887 1466 presently
899 1395 1081 1467 propounded
1094 1399 1124 1450 to
1138 1395 1172 1450 be
1185 1414 1203 1451 e
1213 1395 1339 1452 bachiler

250 1482 282 1537 oi
295 1482 425 1538 (1111111111

181 1568 287 1624 Eodem
323 1569 365 1624 hlr
377 1570 457 1642 Daye
469 1569 603 1641 humblye
617 1568 752 1624 desierith
764 1577 811 1639 yor
827 1567 984 1640 wourships
996 1569 1063 1626 that
1074 1570 1111 1642 vij
1125 1589 1205 1643 yeree
1216 1571 1338 1644 studdye

252 1657 281 1712 in
294 1656 423 1712 divinitis
436 1659 509 1713 alter
527 1658 591 1712 that
602 1657 638 1712 he
650 1674 707 1712 was
723 1656 827 1712 actuali
844 1664 885 1711 111Ι
896 1657 928 1711 oi
942 1661 1003 1712 arte
1015 1657 1063 1713 uth
1079 1659 1165 1714 suche
1181 1661 1338 1732 replyingee

251 1763 415 1818 answeryng
439 1763 566 1800 sermone
589 1743 645 1800 and
665 1744 747 1799 other
767 1744 902 1799 exercisee
920 1762 953 1799 ae
976 1744 1011 1799 be
1029 1744 1067 1816 by
1084 1745 1134 1800 tha
1150 1764 1272 1817 queenas
1290 1747 1337 1803 In·

252 1834 394 1888 iunctione
413 1833 548 1904 inquisite
567 1849 649 1904 maye
667 1849 746 1886 serve
770 1831 838 1903 hym
857 1849 889 1886 aa
907 1831 969 1886 well
986 1838 1017 1887 to
1036 1851 1139 1904 oppcee
1158 1835 1187 1888 in
1208 1833 1338 1890 divinitis

250 1941 282 1977 us
293 1926 325 1977 to
336 1922 371 1977 be
389 1920 514 1977 bechilor
530 1921 562 1976 ol
576 1920 706 1975 divinitis
722 1918 778 1974 and
796 1920 860 1975 that
877 1919 912 1974 he
929 1937 1010 1991 maye
1026 1919 1061 1975 be
1077 1919 1216 1976 admitted
1232 1921 1262 1977 111
1278 1923 1338 1978 thie

249 2011 432 2066 convocation
469 2011 653 2065 Pmsentetus
670 2025 720 2079 per
737 2007 879 2063 doctorem
899 2009 988 2063 Perna

180 2099 351 2156 Conceditur
365 2108 431 2153 xxx⁰
442 2097 570 2152 ‚Ianuarii
584 2096 718 2167 magistro
731 2095 946 2168 Hetheryngton
959 2102 990 2151 vt
999 2095 1126 2152 studium
1138 2097 1186 2152 viii
1200 2115 1337 2154 annorum

251 2189 280 2243 111
304 2187 444 2258 theologia
471 2191 623 2257 postquem
647 2185 750 2240 rexerit
774 2185 803 2239 in
828 2184 938 2240 artibus
961 2202 1027 2239 cum
1050 2185 1273 2258 oppositionibus
1295 2203 1337 2241 re-

250 2275 448 2347 sponsionibus
459 2274 636 2330 sermonibus
648 2279 678 2330 11
689 2274 753 2329 aliie
764 2274 904 2329 exercitiis
916 2292 967 2346 per
982 2279 1092 2329 statuta
1103 2275 1179 2346 regia
1194 2275 1338 2346 requisitis

251 2365 426 2437 perficiendis
437 2369 504 2420 ante
520 2364 636 2419 comitia
649 2363 777 2436 proxime
793 2363 847 2418 sub
863 2381 936 2434 pena
951 2362 995 2434 vj¹¹
1012 2363 1141 2435 ponende
1158 2365 1188 2419 in
1207 2363 1337 2420 manibus

250 2457 462 2525 procuratorum
474 2457 541 2507 ante
553 2452 614 2508 eius
625 2452 824 2508 admissionem
840 2451 961 2506 sufficiat
972 2453 998 2506 ei
1014 2456 1074 2506 tem
1086 2453 1122 2508 ad
1138 2453 1335 2525 opponendum

249 2559 335 2614 quam
347 2541 383 2597 ed
395 2541 560 2597 intrandum
572 2541 602 2596 in
619 2559 698 2596 secra
714 2541 853 2611 theologia
870 2540 976 2611 (omnia
992 2541 1099 2612 peregit
1115 2547 1216 2614 praeter
1232 2561 1335 2598 sermo·

250 2648 315 2686 nem
327 2631 363 2686 ad
376 2631 482 2686 clerum
494 2631 594 2702 marg.)

179 2719 285 2775 Eadem
309 2720 399 2790 gratia
423 2719 585 2774 conceditur
609 2717 707 2773 eodem
731 2718 866 2789 magistro
889 2717 995 2774 Antho.
1021 2719 1129 2774 Burton
1153 2738 1218 2775 cum
1241 2721 1337 2776 studio

250 2826 267 2861 x
279 2825 416 2862 annorum
430 2812 582 2878 postquam
595 2806 697 2860 rexerit
709 2811 738 2861 et
751 2805 805 2860 sub
818 2823 890 2877 pena
902 2805 936 2860 1¹¹
948 2808 996 2878 qui
1009 2807 1150 2863 admissus
1163 2814 1208 2864 est
1221 2814 1254 2863 15
1268 2810 1336 2865 Maii

180 2895 286 2950 Eadem
303 2894 394 2964 gratia
410 2892 572 2948 conceditur
588 2893 685 2948 eodem
702 2892 753 2948 via.
775 2911 828 2946 xxx
846 2893 975 2948 Januarii
992 2895 1126 2964 magistro
1142 2895 1255 2951 Hutton
1271 2913 1335 2952 cum

250 2981 344 3038 studio
357 2999 375 3038 v
387 2999 526 3038 annorum
539 2988 690 3054 postquam
703 2982 806 3037 rexerit
818 2980 871 3036 sub
883 3000 957 3054 pena
968 2983 1008 3054 liij
1018 3001 1033 3037 s
1044 2983 1112 3054 iiijd

179 3071 350 3128 Conceditur
372 3089 408 3126 xx
431 3070 512 3126 lunii
537 3075 569 3125 vt
592 3072 736 3142 responsio
759 3071 795 3126 ad
820 3088 906 3142 quam
930 3076 1044 3127 tenetur
1066 3072 1199 3143 magister
1223 3073 1336 3128 Hutton

250 3161 358 3216 ratione
369 3160 472 3231 gradus
483 3161 528 3216 sui
541 3161 631 3232 possit
647 3160 741 3230 peragi
754 3161 783 3215 in
800 3160 846 3214 die
858 3161 1047 3232 proximorum
1063 3161 1242 3218 comitiorum
1253 3163 1294 3217 sic
1306 3169 1337 3218 vt

249 3254 307 3305 stet
318 3267 369 3320 pro
381 3249 472 3304 torma
483 3267 536 3304 sua
548 3249 668 3320 (peregit
680 3249 775 3304 omnia
787 3251 887 3322 incrp.)

179 3337 347 3394 Conceditur
373 3343 405 3392 15
432 3337 501 3392 Maii
526 3341 557 3392 vt
581 3354 673 3392 sermo
696 3337 733 3392 ed
756 3338 862 3393 clerum
890 3337 926 3392 ad
956 3355 1040 3409 quem
1069 3343 1182 3394 tenetur
1205 3341 1338 3410 magister

251 3425 466 3498 Hetheryngton
486 3425 595 3480 ratione
612 3425 715 3496 gredau
731 3425 775 3480 sui
792 3426 915 3496 suscepti
935 3427 1025 3497 possit
1041 3426 1146 3481 differri
1165 3427 1195 3482 in
1214 3429 1337 3499 primum

249 3514 325 3569 diem
337 3513 455 3569 Veneris
466 3513 587 3585 proximi
599 3513 738 3568 adventus
752 3513 865 3568 Domini
882 3514 967 3569 sicvt
983 3533 1048 3570 eum
1065 3520 1133 3570 tunc
1153 3521 1267 3587 peragat
1284 3516 1338 3572 sub

251 3618 324 3672 pena
341 3601 406 3673 liijs
424 3600 492 3672 iiijd
512 3601 631 3672 (peregit
648 3603 747 3674 mai-9.)

179 3688 349 3744 Conceditur
373 3687 423 3760 vjh
448 3687 592 3743 Februarii
617 3689 752 3760 magistro
769 3689 897 3744 Johnson
918 3694 950 3744 vt
970 3690 1096 3746 studium
1117 3696 1133 3745 ῡ
1151 3709 1289 3748 annorum
1307 3695 1337 3749 in

249 3777 388 3848 theologia
405 3783 555 3848 postquam
574 3777 677 3832 rexerit
699 3777 727 3832 in
749 3777 859 3832 artibus
879 3797 945 3833 oum
962 3780 1185 3852 oppositionibus
1205 3789 1257 3838 etc.
1276 3801 1336 3854 per·

250 3865 375 3920 ficiendis
387 3865 461 3920 infra
472 3883 580 3920 annum
596 3872 661 3938 poet
673 3866 733 3921 eius
749 3865 949 3923 admissionem
961 3867 1015 3923 sub
1031 3887 1104 3940 pena
1121 3869 1164 3940 vj¹¹
1180 3871 1251 3943 xiijs
1267 3871 1336 3943 iiijd

250 3953 442 4024 ponendorum
461 3953 491 4008 in
511 3954 642 4009 manibus
662 3960 875 4026 procuratorum
896 3962 963 4012 ante
983 3957 1044 4012 aius
1064 3958 1262 4014 admissionem
1280 3961 1337 4016 suf-

250 4043 327 4097 ficiat
341 4043 366 4098 ei
383 4047 444 4098 tam
460 4042 497 4097 ad
509 4041 707 4114 opponendum
722 4060 808 4113 quam
824 4043 860 4098 ad
876 4043 1041 4100 intrandum
1057 4045 1087 4100 ln
1103 4064 1182 4102 sacra
1198 4048 1337 4122 theologia

247 4129 397 4187 Admissus
417 4136 451 4187 10
471 4130 578 4203 Aprilis
602 4131 721 4203 (peregit
745 4133 840 4188 omnia
862 4137 965 4205 preter
987 4152 1145 4191 sermonem
1169 4136 1206 4192 ed
1230 4139 1336 4195 clerum

252 4219 352 4291 mara>

179 4303 285 4360 Eadem
297 4306 388 4377 gratia
400 4305 562 4361 conceditur
574 4315 643 4361 xr¹¹³⁰
658 4306 677 4361 J
679 4307 738 4362 unii
751 4308 885 4377 magistro
898 4308 1029 4378 Gregorio
1046 4309 1153 4366 Gerthe
1165 4330 1229 4368 cnm
1242 4315 1337 4370 studio

250 4394 266 4449 'l
278 4410 417 4448 annorum
429 4397 459 4448 et
470 4392 610 4449 admissus
622 4399 666 4448 est
678 4412 697 4448 v
708 4393 778 4449 lulli
791 4395 910 4466 (peregit
921 4396 1016 4451 omnia
1028 4399 1128 4470 11119.)
