3394 5114
770 323 882 372 onnon
905 324 997 371 econ
1021 326 1043 371 1
1314 307 1478 391 [157171

710 789 831 854 Doctor
853 789 886 853 in
906 789 980 875 jure
1002 789 1090 853 civili

328 1003 499 1058 Conceditur
514 1008 545 1059 18
559 1005 627 1058 Maii
641 1004 775 1073 magistro
787 1003 911 1058 Johenni
925 1003 1031 1058 Gibson
1049 1010 1080 1059 vt
1096 1004 1224 1059 studium
1242 1005 1280 1074 vij
1296 1020 1434 1058 annorum
1451 1004 1481 1057 in

393 1092 458 1162 jure
478 1091 553 1154 civili
576 1096 727 1162 postquem
745 1091 848 1146 rexerit
867 1091 896 1146 in
914 1090 1023 1146 ortibus
1042 1109 1105 1146 cum
1125 1090 1351 1162 oppositionibus
1369 1108 1480 1161 respon-

397 1178 524 1233 sionibus
535 1182 565 1232 et
576 1177 639 1232 aliis
650 1179 791 1233 exercitiis
804 1197 854 1249 per
866 1182 978 1233 statuta
990 1179 1137 1250 requisitio
1151 1179 1273 1234 sufficiat
1288 1178 1313 1233 ei
1330 1177 1367 1233 ed
1385 1178 1481 1249 incipi-

398 1266 502 1321 endum
515 1266 544 1320 in
557 1265 655 1322 eadem
666 1267 802 1322 facultate

329 1351 412 1406 Mem.
425 1349 501 1422 quod
513 1350 587 1406 idem
600 1349 741 1406 admissus
752 1350 807 1406 suit
823 1355 852 1404 2⁰
867 1350 885 1404 J
888 1350 938 1405 ulii
952 1352 982 1405 in
998 1352 1133 1422 vesperiie
1148 1352 1326 1407 comitiorum
1344 1357 1409 1422 post
1425 1350 1481 1405 dis·

399 1439 574 1510 putationem
592 1444 660 1494 tunc
676 1457 726 1510 per
742 1439 836 1510 ipsum
854 1437 983 1493 habitam
1000 1439 1068 1510 quia
1084 1443 1169 1494 antea
1185 1457 1242 1494 non
1259 1437 1411 1510 respondet
1427 1438 1481 1493 nisi

397 1528 483 1584 semel
520 1529 599 1584 Idem
612 1533 757 1600 peractum
769 1531 814 1584 est
823 1545 872 1599 per
883 1529 1051 1600 magistrum
1062 1529 1155 1601 Lakys
1164 1534 1193 1584 et
1202 1528 1333 1584 similiter
1341 1527 1482 1582 admissus

592 2025 714 2091 Gratiae
736 2047 799 2089 non
824 2032 1055 2090 concernentes
1078 2025 1212 2088 ferinam

331 2243 500 2299 Conceditur
514 2249 547 2300 13
560 2243 690 2300 Octobris
703 2251 734 2300 vt
745 2245 877 2300 dominus
890 2244 966 2301 Edw.
980 2245 1081 2301 Comes
1098 2245 1264 2300 Oxcnieneis
1280 2245 1325 2299 hic
1341 2241 1417 2314 apud
1432 2259 1482 2295 ros

400 2331 429 2386 in
442 2330 552 2387 ortibus
564 2332 697 2403 magister
710 2332 800 2402 possit
812 2349 905 2403 regere
917 2339 947 2386 et
960 2350 1016 2387 non
1029 2349 1122 2403 regere
1133 2331 1169 2386 od
1182 2332 1318 2404 placitum

331 2417 502 2474 Conceditur
522 2423 556 2474 10
574 2419 743 2475 Novembris
763 2424 796 2473 vt
817 2419 950 2490 magister
969 2419 1127 2475 Willelmus
1151 2419 1276 2475 Redmen
1295 2419 1334 2474 eit
1355 2436 1428 2473 vnus
1448 2434 1481 2472 ex

400 2507 547 2563 duodecim
559 2507 781 2580 predicatoribus
794 2508 846 2563 hoo
858 2526 933 2563 anno
945 2525 996 2579 per
1007 2508 1179 2564 academiam
1188 2508 1352 2564 emittendis
1360 2512 1390 2563 et
1398 2525 1483 2578 super

400 2595 453 2652 hac
471 2602 566 2652 vestra
584 2597 760 2653 concessione
777 2597 874 2652 literas
892 2595 996 2652 habeat
1012 2595 1174 2669 obsignatas
1190 2597 1281 2668 sigillo
1298 2601 1392 2652 vestm
1408 2612 1482 2650 ccm-

400 2703 479 2741 muni

331 2771 436 2828 Eadem
449 2773 539 2843 gratio
552 2772 714 2828 conceditur
728 2776 761 2828 16
773 2772 937 2828 Decembris
950 2771 1071 2828 Roberto
1085 2773 1227 2828 Rameden
1243 2772 1317 2828 Luoe
1329 2772 1440 2845 Cylpyn
1453 2774 1483 2826 et

400 2860 497 2914 Franc.
511 2859 662 2916 Gertbside
674 2861 704 2915 in
716 2860 825 2916 artibus
838 2861 981 2932 magistris
1015 2864 1046 2916 et
1060 2860 1233 2916 rennuerit
1250 2860 1373 2916 Johanni
1391 2861 1483 2916 Cooke

400 2966 478 3004 sacre
496 2950 633 3020 theologie
653 2949 852 3004 bocchnlaureo
871 2951 950 3006 Geor.
974 2949 1067 3004 Slater
1087 2954 1117 3005 et
1139 2952 1222 3006 Petro
1244 2951 1342 3005 Sirene
1364 2949 1483 3005 Ricardo

401 3037 511 3092 Fawoet
520 3042 549 3092 et
558 3037 575 3091 J
578 3037 682 3091 ohanni
696 3036 853 3092 Knewetub
866 3038 894 3092 io
909 3036 1018 3092 artibus
1031 3039 1172 3109 magistris
1210 3039 1284 3093 Item
1295 3043 1329 3092 24
1338 3038 1482 3093 Februarii

400 3123 545 3180 Camundo
559 3124 650 3180 David
663 3125 693 3178 in
706 3124 815 3180 artibus
828 3126 961 3197 magistro
976 3131 1005 3180 et
1021 3131 1056 3181 ³0
1073 3126 1169 3181 Martii
1185 3127 1201 3180 J
1205 3127 1309 3181 ohanni
1328 3127 1484 3197 Brownyng

399 3215 429 3269 in
442 3213 552 3270 artibus
564 3215 699 3286 magistro
735 3219 769 3272 27
785 3215 959 3286 Septembris
974 3215 1124 3271 Laurentio
1143 3216 1295 3272 Barnewell
1312 3234 1389 3272 sacre
1405 3215 1481 3271 11111-

400 3304 471 3375 logie
484 3303 667 3360 bechaloureo
680 3309 709 3359 et
721 3303 802 3360 Edm.
817 3305 936 3376 Symeon
950 3305 1102 3360 inertibus
1115 3306 1248 3376 magistro

332 3393 445 3447 Decimo
467 3392 635 3448 Novembris
655 3394 698 3450 Jo.
722 3393 848 3449 Cutbord
869 3395 983 3465 eligitur
1004 3395 1033 3449 in
1053 3396 1217 3466 oenopolam
1235 3401 1266 3449 et
1285 3398 1317 3450 17
1338 3393 1481 3449 Februarii

399 3481 562 3536 conceditur
569 3489 600 3536 vt
608 3481 722 3536 licentio
730 3482 747 3535 J
750 3482 870 3537 ohannis
879 3482 1004 3538 Cutbard
1016 3501 1105 3554 nuper
1113 3501 1244 3538 concesso
1256 3482 1292 3537 ed
1305 3482 1480 3538 vendendum

400 3571 498 3624 vinum
511 3569 648 3639 sigilletur
661 3569 751 3639 sigillo
765 3573 860 3624 vestro
872 3571 1015 3624 communi

329 3658 500 3715 Conceditur
521 3659 553 3712 16
575 3654 738 3711 Decembris
759 3659 792 3710 vt
813 3673 869 3711 vna
889 3657 1029 3729 oppositio
1050 3657 1086 3712 od
1108 3675 1195 3729 quum
1217 3662 1330 3713 tenetur
1351 3657 1483 3728 magister

401 3745 536 3801 Harriscn
561 3744 669 3800 ratione
692 3743 795 3815 gredus
820 3745 864 3800 sui
889 3745 1013 3816 suscepti
1038 3745 1128 3817 possit
1153 3746 1246 3817 peregi
1275 3751 1341 3800 ante
1369 3746 1482 3801 comitia

399 3833 526 3906 proxime
537 3833 590 3889 sub
609 3851 681 3905 pena
700 3834 750 3888 xls
787 3835 905 3906 (peregit
923 3837 1024 3908 uturp.)

330 3924 499 3982 Conceditur
517 3924 692 3980 1111111111
708 3941 772 3979 curn
790 3924 851 3980 dies
867 3924 903 3979 ed
919 3925 1142 3997 philosophicum
1159 3925 1380 3997 disputationem
1396 3925 1481 3995 essig-

399 4015 458 4070 neti
471 4031 529 4069 non
541 4015 685 4069 sufficiunt
698 4013 750 4069 boc
762 4031 836 4068 anno
849 4014 1005 4086 incepturis
1014 4020 1046 4068 vt
1057 4013 1117 4069 dies
1128 4013 1247 4070 Veneris
1259 4020 1289 4070 et
1301 4012 1418 4069 Sabothi
1431 4031 1482 4084 pro

399 4102 619 4176 disputabiiibus
643 4107 810 4159 censeantur
835 4103 917 4159 modo
938 4104 973 4159 he
994 4104 1204 4175 disputationes
1226 4105 1296 4158 finnt
1317 4107 1430 4158 tentum
1451 4105 1481 4158 in

399 4192 473 4247 scole
490 4197 520 4246 et
537 4192 614 4247 horis
631 4193 773 4247 consuetis
790 4192 967 4263 presentibus
981 4193 1070 4247 altero
1088 4195 1299 4263 procuratorum
1318 4196 1368 4246 aut
1386 4209 1481 4246 eorum

399 4280 503 4335 vicario
519 4286 548 4336 et
566 4279 672 4336 bedellc
709 4281 756 4335 Ito
770 4283 867 4335 tamen
879 4285 912 4335 vt
924 4281 1019 4335 nulius
1031 4281 1229 4352 magistrorum
1243 4278 1279 4335 ad
1292 4280 1344 4335 has
1356 4279 1481 4351 disputa·

398 4368 490 4422 tiones
502 4375 618 4438 cogetur
630 4368 684 4423 nisi
697 4385 748 4439 pro
760 4367 906 4423 voluntate
917 4373 946 4424 et
959 4367 1076 4424 arbitrio
1088 4369 1147 4423 suis
