3376 5108
194 394 360 482 1556-57]
630 411 745 464 ossea
768 412 861 464 soon
884 415 907 462 n

659 867 699 932 In
723 868 889 956 theologia

192 1078 228 1133 In
253 1079 353 1150 primis
381 1079 545 1135 comeditur
569 1080 704 1151 magistro
731 1081 851 1154 Brassey
874 1082 1018 1154 preposito
1043 1083 1150 1154 collegii
1181 1082 1292 1154 Regalis
1320 1087 1352 1138 vt

262 1167 389 1223 studium
411 1171 444 1223 16
463 1185 602 1224 annorum
620 1169 651 1224 in
670 1168 810 1240 theologia
830 1175 895 1241 post
916 1169 1033 1241 gredum
1054 1170 1302 1226 baoehalameatus
1321 1171 1351 1226 in

262 1253 359 1308 eadem
376 1254 512 1309 faoultate
527 1261 690 1325 suseeptum
707 1255 828 1310 sufficiat
844 1256 870 1310 ei
885 1273 937 1327 pro
953 1257 1099 1328 completis
1114 1257 1203 1328 gradu
1216 1263 1247 1313 et
1261 1258 1353 1313 forma

262 1343 425 1398 doctoratus
442 1345 472 1399 in
489 1361 568 1399 saera
584 1344 722 1414 theologia
759 1345 805 1399 Sic
817 1345 893 1414 quod
909 1344 1035 1416 disputet
1050 1346 1079 1401 in
1095 1347 1247 1402 oommitiis
1262 1347 1351 1418 proxi·

262 1431 317 1485 mis
341 1449 373 1486 ao
397 1431 553 1486 satisfaciat
576 1431 738 1487 achademie
761 1437 791 1487 et
815 1433 878 1488 aliis
901 1434 981 1488 iuxta
1001 1439 1112 1489 statuta
1132 1440 1162 1490 et
1182 1434 1351 1490 laudabilem

262 1520 494 1576 consuetudinem
513 1521 707 1576 uniuersitatis
726 1528 755 1576 et
775 1526 901 1594 preterea
919 1523 963 1578 vel
983 1522 1094 1594 publiea
1111 1525 1291 1579 concionetur
1309 1523 1351 1579 vel

261 1609 385 1680 aliquam
401 1626 479 1664 sacre
495 1608 634 1679 scripture
650 1613 760 1681 partem
776 1609 886 1681 publioe
901 1611 1067 1681 profiteatur
1081 1611 1117 1666 ad
1131 1612 1351 1683 assignationem

261 1701 291 1751 et
303 1696 452 1751 arbitrium
464 1695 572 1750 domiui
585 1696 793 1766 proeaneellarii

190 1783 266 1839 Item
284 1783 446 1838 oouoeditur
465 1783 599 1853 magistro
621 1783 754 1855 Heskyns
773 1789 805 1838 vt
824 1784 951 1856 studium
971 1788 989 1839 6
1006 1803 1144 1840 annorum
1164 1787 1194 1840 in
1212 1786 1352 1857 theologia

261 1878 326 1943 post
349 1871 467 1942 gradum
491 1870 741 1926 baechalaureatus
768 1876 931 1943 susceptum
958 1873 988 1926 in
1015 1873 1113 1928 eadem
1137 1873 1273 1928 facultate
1296 1891 1352 1928 vna

262 1977 327 2014 eum
345 1959 456 2014 duobus
474 1959 650 2013 sermonibus
668 1976 723 2013 vno
741 1958 777 2014 ad
796 1960 901 2014 elerum
920 1961 1123 2017 examinatoria
1140 1967 1208 2017 ante
1225 1963 1286 2016 eius
1303 1961 1351 2018 ad-

261 2049 423 2103 missionem
447 2047 536 2102 altero
559 2045 596 2102 ad
620 2064 730 2101 orueem
756 2047 836 2102 Pauli
858 2047 979 2103 sufficiat
1000 2049 1026 2104 ei
1047 2049 1083 2104 ad
1108 2050 1299 2121 incipiendum
1321 2051 1351 2105 in

261 2155 340 2192 soora
358 2137 498 2208 theologia

190 2227 265 2282 Item
287 2228 449 2283 oonoeditur
469 2224 560 2282 eidem
579 2231 612 2280 vt
633 2225 724 2296 possit
743 2226 907 2280 concinnare
927 2243 1084 2280 sermonem
1106 2244 1189 2281 suum
1209 2227 1350 2282 examina·

260 2317 365 2370 terium
379 2315 454 2370 infra
468 2331 574 2370 alinum
590 2313 643 2368 sub
656 2331 728 2384 pena
740 2314 881 2368 caucionis
893 2313 977 2368 realis
989 2312 1022 2368 v¹¹
1035 2313 1162 2385 ponende
1174 2315 1204 2369 in
1219 2315 1350 2370 manibus

260 2408 474 2474 procuratorum
486 2405 641 2471 antequam
653 2399 823 2455 admittatur

189 2492 265 2547 Item
285 2491 450 2547 oonoeditur
469 2491 603 2561 magistro
622 2489 740 2545 Bulloke
759 2495 790 2544 vt
809 2489 937 2545 studium
957 2490 1044 2545 trium
1062 2507 1200 2545 annorum
1221 2491 1249 2546 in
1270 2491 1347 2546 theo·

258 2581 332 2652 logia
351 2585 417 2652 post
437 2580 498 2636 eius
519 2580 669 2634 introitum
693 2579 723 2633 in
742 2578 829 2634 libros
849 2579 1055 2634 sententiarum
1076 2597 1131 2634 vua
1151 2597 1216 2634 oum
1237 2579 1347 2635 duobus

259 2668 435 2723 sermonibus
446 2684 502 2722 vno
516 2666 553 2722 ad
565 2667 670 2721 olerum
682 2667 884 2721 examinatorio
895 2671 962 2721 ante
973 2667 1034 2722 eius
1046 2666 1245 2722 admissionem
1257 2667 1346 2722 altero

258 2755 295 2810 ad
307 2771 417 2810 erucem
431 2753 511 2809 Pauli
523 2753 644 2808 suffioiat
656 2755 681 2808 ei
693 2753 730 2809 ad
741 2753 932 2825 incipiendum
945 2754 975 2807 In
987 2771 1066 2808 saera
1077 2753 1217 2825 theologia

188 2845 263 2900 Item
282 2843 444 2900 coneeditur
461 2842 597 2913 magistro
617 2842 754 2897 Beomont
772 2848 804 2898 vt
821 2842 948 2898 studium
968 2843 983 2899 7
1002 2860 1140 2898 annorum
1159 2844 1188 2898 in
1206 2843 1344 2916 theologis

259 2936 324 3004 post
339 2931 458 3002 gradum
474 2929 723 2986 baeohalaureatus
740 2933 771 2986 in
789 2931 885 2986 eadem
903 2937 1066 3003 susceptum
1082 2949 1138 2988 vna
1153 2949 1218 2988 oum
1234 2931 1344 2988 duobus

259 3019 435 3075 sermonibus
447 3036 503 3073 vno
514 3018 551 3074 ad
563 3017 669 3072 olerum
681 3019 883 3074 examinatorio
894 3029 962 3074 ante
972 3020 1034 3075 eius
1045 3019 1244 3076 admissionem
1254 3021 1344 3076 altero

257 3109 294 3164 ad
305 3125 417 3164 oruoem
431 3108 510 3163 Pauli
522 3107 644 3163 sufficiat
655 3109 681 3163 ei
693 3109 730 3165 ad
742 3109 933 3181 incipiendum
945 3110 975 3164 in
987 3127 1067 3165 saera
1077 3110 1217 3181 theologia

663 3503 865 3592 Incorporati

185 3730 260 3787 Item
272 3730 436 3786 oonoeditur
446 3729 599 3785 moerendo
610 3729 724 3784 domino
737 3727 873 3783 Nioholao
886 3727 1040 3783 Ormaneto
1052 3731 1085 3783 vt
1096 3727 1135 3782 sit
1148 3726 1193 3782 hio
1204 3725 1280 3798 apud
1293 3745 1343 3782 vos

255 3819 286 3874 in
302 3819 400 3875 eodem
417 3817 505 3889 gradu
521 3822 551 3873 et
566 3835 641 3873 anno
655 3817 759 3889 quibus
771 3817 863 3873 iuerat
875 3815 905 3872 in
916 3815 1046 3888 partibus
1057 3815 1255 3872 transmarinis
1267 3813 1342 3871 vide·

255 3906 321 3962 host
332 3906 363 3961 in
375 3904 539 3961 achademia
551 3903 711 3959 Pataviensi

184 3996 260 4051 Item
275 3995 439 4051 eonoeditur
455 3994 608 4050 venerabili
626 3996 686 4050 viro
701 3993 809 4050 doctori
827 3993 893 4050 Oole
909 3993 1013 4049 deoauo
1031 3993 1152 4049 Pallensi
1165 3993 1228 4064 (sio)
1247 3996 1279 4046 vt
1296 3993 1341 4047 hio

253 4087 329 4159 apud
341 4105 392 4143 vos
404 4088 434 4142 in
446 4085 552 4143 eisdem
564 4085 652 4157 gradu
664 4085 760 4141 ordine
772 4089 803 4139 et
814 4102 889 4140 anno
900 4084 1004 4155 quibus
1016 4083 1108 4138 fuerat
1121 4082 1237 4138 Oxouiis
