3386 5114
800 375 913 423 annon
935 375 1028 422 soon
1050 373 1072 422 Δ
1355 355 1522 440 [1563-64

548 881 669 946 Gratiae
692 880 779 945 varie
802 879 923 943 nullam
949 880 1084 942 formam
1107 888 1340 944 concernentes

367 1084 536 1140 Conceditur
547 1095 577 1138 x⁰
589 1086 719 1141 Octobris
731 1091 763 1141 vt
773 1086 911 1141 terminus
923 1093 1038 1158 propter
1054 1090 1163 1141 metum
1180 1087 1268 1157 pestis
1285 1085 1442 1157 ingruentis
1458 1100 1521 1155 pro·

438 1179 550 1244 rogetur
561 1193 649 1246 vsque
660 1175 696 1230 ad
708 1176 812 1229 festum
825 1174 952 1228 omnium
964 1177 1126 1228 sanctorum
1138 1174 1297 1244 proximum
1309 1174 1436 1227 futurum
1449 1176 1479 1225 et
1492 1173 1524 1224 vt

438 1259 644 1331 disputationes
661 1263 859 1333 magistrorum
876 1262 991 1316 interim
1007 1260 1096 1315 fienda
1113 1265 1251 1331 tanquam
1267 1261 1341 1315 facte
1357 1263 1525 1314 censeantur

439 1353 499 1402 tam
516 1348 552 1403 ad
570 1351 719 1420 magistros
736 1349 927 1420 disputatores
949 1366 1035 1419 quam
1056 1348 1149 1418 quoad
1169 1347 1292 1403 bedellos
1313 1349 1354 1402 sic
1374 1352 1470 1402 tamm
1492 1349 1525 1400 vt

439 1453 540 1505 inagna
561 1437 737 1507 congregatio
758 1436 924 1492 celebranda
942 1436 988 1490 die
1006 1437 1125 1490 Veneris
1142 1441 1210 1490 ante
1227 1437 1332 1490 festum
1351 1435 1474 1490 Simonis
1494 1436 1525 1487 et

438 1521 455 1575 J
459 1522 512 1576 ude
524 1523 686 1578 observetur
701 1543 750 1596 per
766 1525 911 1579 dominum
927 1525 1173 1595 procancellarium
1186 1525 1379 1595 etmagistros
1396 1527 1525 1593 regentes

440 1615 469 1664 et
481 1629 537 1666 non
550 1621 678 1682 regentes
689 1614 764 1669 dorni
778 1619 847 1669 tunc
859 1619 1003 1685 presentes

370 1699 540 1754 Conceditur
551 1719 569 1754 v
582 1701 749 1757 Novembris
762 1703 894 1772 magistro
902 1702 919 1756 J
922 1720 946 1756 0.
957 1703 1072 1772 Bangey
1083 1706 1114 1756 vt
1126 1701 1165 1755 sit
1174 1719 1246 1755 vnus
1258 1718 1291 1754 ex
1303 1696 1525 1771 predicatoribus

440 1789 493 1842 hoc
507 1807 581 1845 anno
595 1809 646 1861 per
659 1791 830 1846 academiam
846 1789 1011 1845 emittendis
1025 1795 1054 1845 et
1069 1807 1154 1861 super
1170 1790 1223 1844 hac
1239 1790 1415 1844 concessione
1430 1791 1525 1842 vestra

440 1874 536 1929 literas
548 1875 651 1930 habeat
662 1877 797 1947 sigilines
809 1876 899 1947 sigillo
911 1881 1005 1931 vestro
1017 1876 1159 1931 communi

371 1962 476 2016 Eadem
489 1965 580 2033 gratia
597 1965 760 2019 conceditur
775 1965 873 2019 eodem
888 1965 1031 2035 magistris
1048 1963 1127 2018 Geor.
1146 1963 1276 2018 Wethers
1291 1967 1321 2017 et
1337 1963 1380 2018 W.
1400 1963 1479 2016 Hues
1494 1965 1525 2016 et

441 2051 477 2120 vij
492 2051 561 2105 Julii
574 2054 707 2122 magistro
721 2054 762 2110 W.
778 2053 866 2108 Fulke
904 2058 936 2108 19
950 2053 1019 2108 Maii
1032 2054 1166 2123 magistro
1178 2053 1204 2107 J.
1219 2051 1315 2108 Todde

370 2137 540 2191 Conceditur
551 2139 591 2192 νω
603 2139 770 2194 Novembris
782 2146 814 2194 vt
826 2157 923 2194 omnes
932 2139 1043 2210 publice
1052 2140 1186 2194 lectiones
1195 2139 1370 2211 sophismata
1378 2143 1408 2193 et
1416 2137 1524 2210 proble-

442 2231 518 2281 mata
531 2227 560 2280 in
572 2227 675 2281 scholis
687 2227 807 2298 publicis
820 2229 1049 2283 intermittantur
1057 2246 1145 2299 vsque
1157 2227 1192 2284 ad
1205 2229 1363 2299 proximum
1373 2227 1525 2282 terminum

249 2377 270 2435 f.
288 2379 326 2436 78
340 2397 359 2434 a
372 2384 541 2439 Conceditur
551 2385 613 2456 fija
626 2385 793 2442 Novembris
806 2393 838 2441 vt
850 2404 942 2441 sermo
954 2387 991 2440 ad
1003 2386 1109 2440 clerum
1121 2385 1254 2456 adquam
1267 2389 1379 2440 tenetur
1391 2387 1525 2454 magister

441 2471 539 2525 doctor
552 2471 665 2527 Neuton
674 2473 765 2544 possit
773 2473 876 2528 differri
887 2473 916 2526 in
926 2472 1085 2543 proximum
1096 2472 1169 2526 diem
1179 2470 1390 2542 quadragesime
1399 2471 1525 2542 proxime

442 2560 501 2613 sine
513 2559 637 2614 ulteriori
650 2560 784 2616 dilatione
796 2561 850 2616 sub
862 2579 934 2631 pena
946 2562 1049 2615 veteris
1060 2578 1110 2614 suo
1122 2560 1260 2615 cautionis
1272 2560 1390 2630 (peregit
1402 2559 1500 2631 marp.)

371 2647 541 2702 Conceditur
562 2649 659 2703 eodem
684 2654 716 2704 vt
739 2651 884 2721 responsio
908 2649 1063 2719 theologica
1087 2648 1122 2703 ad
1147 2665 1233 2718 quam
1254 2653 1368 2702 terimur
1392 2649 1525 2718 magister

444 2735 624 2805 longeworth
638 2738 728 2807 possit
739 2737 843 2792 differri
857 2739 887 2792 in
899 2737 1058 2808 proximum
1068 2736 1220 2790 terminum
1230 2735 1283 2790 sub
1292 2753 1365 2806 pena
1374 2735 1525 2806 superioris

442 2841 492 2878 sue
504 2825 642 2879 cautionis
656 2827 774 2896 (peregit
786 2828 885 2898 ntor-9.)

371 2911 540 2966 Conceditur
560 2913 657 2968 eodem
679 2919 710 2969 vt
731 2916 874 2986 responsio
892 2915 921 2968 in
941 2914 1080 2968 medicina
1098 2913 1134 2968 ad
1152 2930 1239 2983 quam
1257 2917 1370 2967 tenetur
1392 2911 1525 2982 magister

441 2997 538 3052 doctor
551 2999 605 3054 Les
616 3001 706 3070 possit
717 3001 823 3057 differri
836 3003 864 3056 in
878 3001 1037 3072 proximum
1049 3001 1203 3054 terminum
1215 2998 1269 3053 sub
1285 3016 1358 3069 pena
1373 2999 1525 3068 superioris

442 3087 579 3142 cautionis
598 3091 731 3160 quoniam
753 3110 802 3163 per
821 3092 927 3146 famam
945 3090 1099 3161 grassantis
1117 3090 1173 3144 iam
1194 3089 1353 3159 pestilentie
1375 3105 1525 3158 persuasus

442 3179 485 3229 est
497 3176 605 3231 nullum
619 3197 693 3233 nunc
703 3179 842 3234 observari
856 3180 1009 3234 terminum

372 3263 542 3319 Conceditur
560 3265 621 3335 iijtr
643 3267 810 3322 Novembris
830 3274 860 3322 vt
882 3267 1013 3322 dominus
1033 3264 1267 3337 procancellarius
1285 3263 1412 3318 doctores
1434 3263 1525 3318 Balrer

443 3351 561 3406 Newton
580 3357 609 3406 et
629 3353 724 3425 Harvy
743 3356 877 3424 magister
893 3355 1005 3408 Hutton
1022 3357 1052 3407 et
1067 3352 1174 3407 domini
1192 3358 1383 3422 procuratores
1402 3351 1525 3407 habeant

443 3446 564 3494 vestram
581 3443 779 3497 auctoritatem
795 3442 831 3496 ad
848 3443 958 3497 firmam
974 3441 1137 3496 dimittendi
1154 3441 1197 3495 Jo.
1217 3441 1320 3494 Baxter
1336 3458 1387 3510 pro
1404 3441 1524 3496 termino

443 3529 487 3598 xxj
500 3546 638 3584 annorum
650 3536 844 3586 tenementum
857 3531 1035 3586 rniuersitati
1048 3547 1138 3600 nuper
1151 3528 1275 3599 legatum
1292 3547 1342 3599 per
1358 3529 1524 3600 magistrum

442 3614 484 3668 Jo.
500 3615 607 3670 Mceres
624 3635 680 3671 vna
697 3635 762 3673 cum
780 3618 897 3673 edificiis
914 3623 944 3672 et
961 3618 1051 3672 hortis
1068 3617 1159 3671 eidem
1176 3616 1220 3672 Jo.
1235 3616 1342 3670 Meeres
1358 3634 1408 3686 per
1424 3617 1525 3686 magis-

442 3709 517 3757 trum
531 3703 574 3759 ιΙο.
590 3704 715 3760 Hatclrer
727 3706 756 3760 in
769 3706 907 3760 medicina
919 3706 1061 3760 doctorem
1071 3705 1169 3758 locatis
1178 3709 1207 3758 et
1216 3702 1389 3758 conditiones
1398 3704 1522 3758 eiusdem

440 3789 612 3846 dimissionis
624 3793 784 3864 assignandi
797 3795 837 3848 sic
849 3800 881 3849 vt
893 3795 983 3848 maior
992 3811 1057 3864 pars
1065 3811 1160 3848 eorum
1170 3792 1328 3846 consentiat
1337 3798 1367 3846 et
1376 3791 1525 3846 indenture

441 3877 507 3933 inde
518 3879 592 3934 facte
604 3881 682 3950 prius
694 3901 787 3938 coram
801 3883 880 3938 vobis
892 3885 1022 3954 legantur
1033 3889 1063 3938 et
1075 3883 1146 3938 lecte
1158 3881 1315 3952 sigillentur
1327 3880 1418 3951 sigillo
1430 3888 1524 3936 vestro

441 3984 582 4022 communi

371 4051 542 4107 Conceditur
558 4055 642 4126 xxviij
659 4057 787 4114 Januarii
806 4065 837 4112 vt
854 4059 987 4130 magister
1005 4058 1106 4113 Clarke
1123 4057 1229 4126 callemi
1248 4055 1327 4125 Regii
1344 4061 1373 4110 et
1391 4056 1525 4125 magister

445 4141 558 4212 Deryng
569 4144 627 4198 sint
641 4153 734 4201 vestra
745 4149 914 4202 auctoritate
926 4148 1130 4202 examinatores
1146 4143 1395 4215 questionistarum
1408 4161 1460 4214 pro
1472 4144 1526 4199 hoe

443 4245 517 4282 anno

373 4315 543 4370 Conceditur
566 4319 661 4374 eodem
686 4328 718 4375 vt
741 4323 973 4377 determinatores
991 4321 1100 4392 possint
1118 4318 1283 4389 respondere
1301 4319 1443 4388 questioni
1461 4327 1527 4390 post

443 4404 664 4473 purificationem
678 4408 758 4464 beate
773 4411 861 4464 Maria
873 4429 930 4464 non
942 4411 1073 4465 obstante
1084 4411 1195 4462 statuto
