3386 5114
195 1719 307 1780 teob

314 332 379 396 204
761 345 874 396 nescu
897 345 990 395 noos
1012 346 1036 394 e
1305 325 1469 412 [1566-67

315 499 485 556 Conceditur
504 499 550 571 iji⁰
570 499 638 555 Meli
657 500 838 555 ornatissimo
857 499 947 571 equiti
967 505 1067 554 eureto
1084 497 1198 554 domino
1217 497 1266 554 W⁰
1285 497 1404 554 Chester
1421 497 1471 552 vni

385 587 631 643 eldermsnnorum
644 587 769 642 civitatis
782 585 976 642 Londonensis
989 590 1021 642 vt
1029 591 1177 657 cooptetur
1188 585 1218 641 in
1231 585 1357 642 ordinem
1370 584 1470 656 megis-

386 681 495 733 trorum
507 677 537 732 in
550 675 660 732 ortibus
673 677 714 732 ite
726 683 823 732 temen
837 681 868 731 vt
879 693 936 731 non
949 680 1076 731 arctetur
1089 674 1126 730 ed
1143 675 1269 746 aliquem
1285 675 1471 730 ceremoniam

385 769 437 819 eut
449 768 530 819 ectus
542 764 723 819 scholesticos
735 763 791 819 nisi
803 780 875 836 quos
887 780 939 818 sue
951 767 1054 835 sponte
1068 761 1110 816 illi
1127 761 1306 817 commodum
1322 759 1471 815 videbatur

387 853 482 908 subire
499 857 529 908 et
546 853 571 907 si
589 870 640 925 per
658 852 774 923 negocio
795 869 911 923 presens
931 851 961 905 in
980 851 1064 923 plene
1082 850 1295 921 congregatione
1313 848 1470 920 regentium

387 940 500 995 edmitti
517 957 574 995 non
587 940 677 1011 possit
689 943 721 994 vt
733 937 835 994 absens
846 956 864 993 e
875 938 990 993 domino
1006 937 1222 1010 procencellerio
1238 939 1289 992 eut
1306 937 1367 991 eius
1383 935 1471 1007 depu-

387 1032 450 1083 teto
465 1027 637 1083 admittetur
677 1026 745 1082 dete
762 1026 818 1082 fide
829 1026 864 1080 de
876 1026 1051 1082 observando
1063 1030 1173 1081 stetuta
1184 1028 1214 1080 et
1227 1023 1374 1097 priuilegia
1386 1023 1471 1078 huius

388 1117 582 1172 vniuersitetis
630 1116 710 1173 Idem
730 1120 910 1187 presentatus
931 1133 981 1187 per
1001 1115 1144 1171 doctorem
1166 1113 1312 1170 Coodmeu
1333 1111 1470 1167 decenum

389 1203 720 1259 westmonasteriensem
732 1203 847 1273 juretus
863 1219 915 1274 per
929 1201 1072 1258 doctorem
1091 1202 1204 1258 Hutton
1216 1201 1354 1256 decenum
1367 1199 1471 1255 Eboro-

388 1309 499 1346 oensem
512 1296 542 1345 et
552 1291 694 1346 edmissue
710 1307 761 1362 per
776 1287 924 1345 dominum
941 1289 1022 1345 Ildm.
1040 1291 1203 1361 episcopum
1220 1289 1426 1345 londinensem
1442 1289 1471 1343 in

388 1379 493 1450 peletio
505 1379 574 1434 dicti
586 1378 709 1450 episcopi
723 1379 752 1432 in
765 1379 908 1450 presentie
919 1378 1003 1433 vnius
1014 1377 1185 1433 bedellorum

698 1709 855 1776 Doctores
876 1709 911 1776 in
935 1711 1096 1776 medicine

319 1889 488 1946 Conceditur
511 1895 544 1945 14
566 1889 661 1944 Mertii
684 1889 803 1952 Ricsrdo
825 1889 982 1962 Reynoldes
1001 1894 1033 1945 vt
1053 1887 1180 1944 studium
1201 1895 1264 1944 octo
1284 1905 1422 1945 annorum
1443 1889 1474 1944 in

389 1979 527 2034 medicine
539 1981 689 2050 postquem
701 1979 804 2033 rexerit
816 1979 845 2033 in
858 1978 967 2034 ortibus
979 1995 1043 2032 oum
1056 1976 1278 2049 oppositionibus
1290 1977 1473 2048 responsioni-

389 2067 443 2122 bus
454 2074 484 2123 et
495 2067 559 2123 eliis
570 2067 710 2121 exercitiis
723 2084 772 2137 per
783 2072 894 2122 statute
906 2067 1050 2136 requisitis
1065 2066 1186 2121 sufficiet
1196 2066 1222 2121 ei
1234 2065 1269 2121 ed
1283 2065 1474 2138 incipiendum

390 2157 420 2211 in
433 2156 529 2211 eedem
543 2155 677 2210 facultate

321 2243 427 2299 Eedem
439 2245 529 2315 gretie
541 2243 703 2298 conceditur
716 2246 749 2300 17
761 2243 890 2299 Jenusrii
904 2241 1024 2298 Ricardo
1036 2242 1146 2297 Smithe
1158 2259 1223 2296 cum
1235 2241 1329 2297 studio
1344 2242 1370 2313 vj
1388 2259 1474 2298 enno

390 2350 454 2388 rum
466 2337 617 2404 postquem
631 2333 733 2388 rexerit
745 2333 775 2387 in
787 2331 897 2388 ortibus
908 2337 939 2387 et
951 2337 979 2386 2⁰
992 2330 1137 2386 Febrrmrii
1146 2331 1287 2386 Willelmo
1296 2331 1399 2387 Werde
1410 2350 1474 2387 cum

391 2419 486 2475 studio
499 2425 515 2474 5
526 2436 664 2476 ennorum
677 2425 829 2490 postquem
844 2419 947 2476 rexerit
962 2419 992 2474 iu
1007 2417 1118 2474 ortibus
1135 2421 1164 2474 et
1182 2421 1214 2475 17
1231 2419 1339 2490 Aprilis
1356 2419 1476 2475 Ricerdo

392 2507 529 2564 Shermen
542 2526 607 2564 cum
618 2507 714 2564 studio
726 2512 743 2562 8
755 2525 894 2564 ennorum
906 2513 1057 2578 postquem
1069 2508 1172 2562 rexerit
1184 2507 1214 2562 in
1226 2506 1335 2562 ortibus

321 2596 491 2652 Conceditur
505 2599 537 2653 17
549 2596 657 2668 Aprilis
670 2597 803 2668 magistro
817 2597 936 2653 Ricerdo
949 2595 1106 2668 Reynoldes
1123 2596 1169 2650 oui
1187 2595 1378 2668 superioribus
1389 2596 1477 2652 hiisce

392 2682 491 2740 diebus
508 2702 526 2739 e
544 2683 623 2739 vobis
644 2701 775 2740 concesse
795 2690 839 2739 est
859 2684 951 2755 gretie
972 2683 1007 2738 ed
1030 2683 1222 2755 incipiendum
1240 2685 1269 2738 in
1288 2683 1428 2740 medicine
1444 2688 1477 2740 vt

391 2771 494 2828 hebeet
511 2773 607 2828 litores
620 2772 823 2828 testimoniales
835 2790 920 2845 super
931 2772 1028 2829 eedem
1041 2773 1131 2844 gretie
1143 2773 1268 2844 signetes
1280 2773 1371 2845 sigillo
1383 2779 1476 2829 vestro

390 2879 532 2916 commum

321 2948 405 3005 Mem.
422 2948 498 3020 quod
516 2950 610 3005 dictus
629 2949 764 3020 magister
785 2949 942 3022 Reynoldes
961 2967 1052 3021 neque
1073 2950 1180 3022 peregit
1201 2955 1283 3005 ectus
1300 2968 1367 3006 suos
1386 2969 1477 3023 neque

391 3037 576 3109 ineuguretus
588 3042 639 3093 eut
651 3037 791 3094 admissus
804 3038 853 3094 sed
865 3057 930 3094 cum
943 3039 1033 3094 literis
1044 3039 1186 3111 profectus
1195 3045 1239 3094 est
1251 3038 1423 3095 Moscoviem

322 3125 492 3182 Conceditur
504 3133 533 3182 2⁰
544 3127 561 3182 J
564 3127 614 3183 ulii
627 3128 760 3198 magistro
772 3128 789 3183 J
792 3128 849 3183 ulio
867 3128 1035 3199 Borgerucio
1050 3129 1155 3183 artium
1171 3133 1201 3184 et
1217 3129 1355 3184 medicine
1369 3128 1477 3185 doctori

394 3211 423 3265 in
435 3210 511 3266 elme
520 3213 704 3268 uniuersitate
717 3213 812 3268 Psdue
824 3213 989 3269 confirmato
1003 3214 1175 3286 Monspesuli
1187 3218 1218 3269 et
1229 3232 1304 3270 nuno
1313 3233 1347 3271 ex
1356 3215 1477 3289 Collegio

395 3298 564 3356 londinensi
577 3305 609 3356 vt
620 3301 659 3358 sit
671 3300 716 3355 hio
728 3299 805 3371 opud
817 3319 868 3356 vos
879 3303 909 3356 in
921 3300 1037 3356 eiisdsm
1049 3301 1137 3372 gredu
1146 3301 1244 3357 ordine
1252 3309 1282 3358 et
1291 3320 1365 3358 enno
1374 3304 1477 3376 quibus

394 3389 450 3444 fuit
461 3389 491 3444 iu
503 3389 580 3446 dicte
592 3389 735 3446 eosdemie
748 3391 885 3447 Peterine

654 3737 896 3802 Becheleureus
919 3737 951 3800 in
975 3737 1045 3801 iure
1069 3737 1156 3802 civili

324 3915 493 3973 Conceditur
505 3919 537 3970 31
554 3915 622 3970 lleii
636 3915 686 3970 Ed.
702 3914 823 3987 Lynlyld
841 3921 872 3971 vt
889 3917 1056 3971 continuum
1073 3915 1200 3970 studium
1215 3915 1278 3987 viij⁰
1294 3933 1432 3972 enoorum
1449 3917 1479 3971 in

393 4004 446 4058 hec
458 4003 642 4059 uniuersitete
653 4021 718 4059 cum
730 4004 954 4075 oppositionibus
966 4002 1194 4075 responsionibus
1206 4003 1324 4074 eliisque
1339 4005 1480 4059 exercitiis

393 4109 443 4163 per
455 4096 566 4147 stetute
578 4092 722 4164 requisitis
733 4097 800 4147 ente
816 4092 878 4147 eius
895 4092 1095 4147 edmissioncm
1112 4090 1288 4162 perficiendis
1305 4091 1388 4147 modo
1404 4109 1480 4147 oom-

395 4178 476 4235 mode
494 4180 552 4234 fieri
571 4182 661 4251 possit
678 4182 723 4236 sin
742 4181 836 4236 miuus
854 4182 930 4236 intre
947 4197 1055 4236 annum
1072 4179 1125 4236 sub
1142 4197 1215 4251 pene
1230 4177 1287 4250 vjli
1306 4181 1384 4252 xiijs.
1403 4181 1443 4252 iiij
1452 4181 1479 4236 d.

394 4267 523 4338 ponende
535 4269 565 4322 in
578 4268 708 4324 menibus
720 4273 932 4339 procuratorum
949 4277 1016 4324 ente
1031 4269 1093 4322 eius
1110 4267 1309 4322 admissionem
1322 4267 1444 4324 sufficiet
1455 4270 1482 4324 ei

394 4353 431 4408 sd
444 4353 609 4410 intrandum
622 4355 651 4408 in
664 4355 725 4410 iure
736 4355 812 4409 civili
827 4355 947 4426 (peregit
959 4356 1054 4410 omnia
1066 4356 1166 4427 marg.)
