3378 5116
328 368 390 430 162
762 382 876 430 88188
899 381 991 429 soon
1014 380 1038 426 Δ
1319 358 1485 443 [1562-63
1518 427 1522 432 .
1639 433 1647 448 ,

326 538 433 593 Eadem
448 540 539 610 gratia
554 556 619 593 cum
637 544 667 594 11
686 539 814 594 terminis
830 537 993 593 conceditur
1008 536 1106 591 eodem
1125 535 1175 590 Ro.
1196 531 1291 604 Rodye
1308 529 1359 585 Ed
1379 528 1486 584 Becher

282 623 286 636 '
398 626 479 682 Edm.
494 626 600 681 Barker
616 626 659 680 R'a
674 625 735 681 Hill
753 625 927 681 Christoioro
944 624 1035 679 Fewle
1052 621 1168 696 [Fowle]
1180 621 1224 679 Jo.
1237 620 1327 675 Nesse
1344 617 1487 673 Baldwino

398 713 501 769 Eedale
512 713 555 769 Jo.
570 714 645 770 Leve
661 713 799 770 Clementi
819 711 962 785 Paymond
976 710 1116 766 Willelmo
1133 708 1298 779 Brathwayt

321 801 500 858 Conceditur
519 807 535 856 ὃ
552 801 698 858 Febmarii
717 802 869 858 Rowlando
888 801 943 856 Lea
959 803 991 855 vt
1007 799 1034 870 vj
1053 798 1168 854 termini
1185 797 1216 852 in
1235 795 1287 851 hac
1304 795 1488 850 uniuersitate

400 895 430 946 et
441 891 469 962 vj
483 891 597 946 termini
613 892 645 946 in
656 891 841 947 uniuersitate
854 889 1005 946 Oxonienei
1022 889 1052 943 in
1064 886 1168 958 quibus
1184 885 1318 941 lectiones
1334 883 1489 940 ordinarias

401 977 514 1035 audivit
525 979 592 1034 licet
604 997 659 1034 non
673 979 788 1034 omnino
799 978 953 1034 secundum
966 978 1086 1032 somiein
1098 975 1201 1030 statuti
1213 990 1278 1028 cum
1287 977 1338 1028 etc.
1349 971 1490 1026 sufficiant

402 1067 428 1122 ei
441 1067 477 1123 ad
490 1067 715 1139 respondendum
727 1068 869 1139 questioni

330 1154 500 1210 Conceditur
516 1161 533 1209 5
550 1154 696 1210 Februarii
712 1154 755 1210 Jo.
770 1153 952 1210 Clarebechio
964 1157 996 1208 vt
1013 1159 1030 1208 1
1046 1151 1161 1207 termini
1179 1151 1225 1206 hic
1241 1150 1318 1222 apud
1334 1167 1386 1205 nce
1402 1153 1419 1204 3
1435 1153 1490 1204 181-

402 1242 472 1298 mini
495 1243 608 1298 Parisiis
628 1261 693 1298 curn
715 1247 732 1298 9
752 1243 880 1297 terminis
899 1241 1092 1312 Wittenberge
1112 1239 1265 1311 inquibus
1284 1239 1418 1294 lectiones
1437 1241 1489 1292 818.

402 1330 543 1386 sufficiant
557 1330 583 1385 ei
595 1331 631 1386 ed
643 1330 869 1401 respondendum
881 1330 1023 1400 questioni

332 1408 503 1474 Conceditur
523 1424 539 1473 t
560 1418 706 1474 Februarii
729 1420 788 1474 Ric.
810 1418 913 1474 Porder
932 1422 963 1473 vt
983 1417 1110 1472 studium
1133 1421 1307 1472 Fennorum
1327 1415 1442 1470 Oxoniis
1460 1419 1491 1469 et

390 1506 441 1561 fvii
453 1507 567 1561 termini
583 1506 630 1561 hic
647 1505 721 1578 apud
735 1525 784 1562 voe
800 1507 830 1560 in
845 1505 949 1577 quibus
961 1511 1012 1562 etc.
1027 1503 1168 1560 sufficiant
1180 1505 1206 1559 ei
1218 1503 1254 1559 ad
1266 1501 1491 1574 respondendum

402 1595 545 1664 questioni

333 1681 503 1738 Conceditur
515 1687 531 1736 5
545 1682 690 1738 Februarii
703 1683 771 1737 Tho.
783 1681 900 1738 Wrothe
912 1685 944 1736 vt
957 1682 1084 1737 studium
1098 1687 1114 1736 t
1126 1698 1265 1737 annorum
1277 1679 1383 1752 partim
1395 1679 1425 1735 in
1438 1679 1491 1734 hac

403 1771 588 1825 uniuersitate
603 1772 708 1842 partim
726 1770 838 1825 Lutetie
854 1776 884 1825 et
901 1769 1084 1842 Heidelberge
1101 1770 1130 1824 in
1145 1768 1249 1840 quibus
1261 1772 1313 1823 818.
1327 1768 1448 1823 sufficiat
1464 1769 1491 1823 ei

403 1858 439 1913 ad
452 1856 675 1929 respondendnm
688 1859 830 1928 questioni

334 1945 503 2003 Conceditur
524 1949 557 2000 10
578 1945 722 2000 Februarii
745 1945 868 2001 Rcberto
889 1946 1010 2017 Spenser
1029 1951 1060 2001 vt
1081 1950 1114 2000 12
1133 1945 1246 2000 termini
1267 1945 1296 1999 in
1315 1944 1419 2015 quibus
1437 1943 1491 2000 lec-

404 2025 496 2088 tiones
507 2037 560 2086 etc
574 2031 715 2086 sufficiant
727 2032 753 2086 ei
765 2032 802 2087 81
813 2031 1039 2103 respondendum
1050 2034 1192 2104 questioni
1205 2033 1287 2087 sicvt
1298 2033 1359 2088 eius
1370 2031 1491 2087 eruditio

404 2121 483 2192 priua
495 2121 671 2176 examinetur
683 2127 712 2174 et
724 2119 896 2192 approbetur
908 2138 958 2191 per
969 2121 1172 2176 examinatores
1185 2120 1268 2175 huius
1280 2120 1347 2174 anni

334 2209 440 2265 Eadem
461 2209 552 2279 gratia
573 2208 735 2263 conceditur
755 2208 853 2263 eodem
877 2209 1023 2280 Redolpho
1041 2208 1218 2280 Wylkyneon
1236 2209 1279 2264 W.
1299 2208 1425 2264 Ferrand
1445 2208 1490 2263 Jc.

404 2297 589 2370 Wylliameon
607 2299 650 2353 Jo.
672 2299 776 2368 Rogare
794 2298 854 2353 Jac.
875 2299 955 2368 Kaye
972 2296 990 2352 J
993 2315 1017 2352 o.
1037 2298 1182 2352 Hensome
1473 2367 1475 2372 Ι

333 2385 440 2442 Eadem
449 2387 540 2458 gratia
548 2385 711 2442 conceditur
719 2386 816 2441 eodem
826 2404 891 2441 cum
903 2391 933 2440 ll
943 2386 1073 2441 terminis
1082 2385 1150 2440 Tho.
1160 2384 1268 2439 Crccke
1277 2385 1325 2439 Το.
1335 2384 1490 2440 Townsend

404 2475 472 2531 Tho.
487 2476 566 2530 Huet
582 2475 683 2546 Egidio
695 2475 787 2546 Aleph
802 2475 820 2530 J
822 2493 846 2530 0.
861 2476 969 2530 Greene
981 2475 1024 2530 W.
1040 2475 1109 2530 Liffe
1126 2474 1205 2530 111811
1219 2472 1374 2529 Chambere
1385 2479 1415 2528 et
1426 2492 1492 2531 cum

407 2569 441 2618 10
451 2564 582 2618 terminis
594 2563 636 2618 W.
651 2563 761 2619 Charlxe
773 2571 802 2618 et
816 2564 896 2620 Edm.
911 2565 1032 2636 Symeon

214 2637 235 2698 f·
253 2637 292 2695 68
302 2656 322 2695 ⁸
335 2651 503 2708 Conceditur
519 2656 554 2706 22
571 2652 670 2706 Martii
682 2652 823 2707 Willelmo
841 2653 946 2708 Perker
958 2659 990 2708 vt
1007 2657 1041 2708 12
1058 2653 1172 2708 termini
1191 2653 1220 2707 in
1237 2652 1342 2723 quibus
1360 2652 1494 2707 lectiones

404 2739 560 2794 ordinariae
578 2739 688 2795 audivit
707 2741 773 2794 licet
791 2759 847 2795 non
867 2742 981 2796 omnino
999 2740 1154 2806 secundum
1170 2740 1291 2794 formam
1307 2739 1409 2794 statuti
1426 2757 1491 2794 oum

405 2826 630 2897 oppositionibus
646 2827 874 2899 responsionibus
891 2834 920 2884 et
936 2830 1000 2884 aliis
1016 2829 1157 2884 exercitiis
1174 2847 1224 2900 por
1239 2828 1315 2899 regia
1330 2833 1440 2883 statuta
1451 2846 1492 2884 re·

405 2915 520 2986 88181118
536 2915 677 2970 sufficiant
693 2917 719 2970 ei
735 2916 771 2971 ad
788 2917 1014 2988 respondendum
1031 2918 1173 2989 questioni
1190 2918 1230 2972 sic
1248 2921 1279 2972 vt
1295 2917 1356 2972 eiua
1371 2917 1493 2973 eruditio

405 3002 484 3074 prius
499 3002 676 3058 examinetur
691 3010 721 3057 et
737 3005 909 3075 approbetur
925 3022 975 3076 per
991 3006 1196 3060 examinatores
1212 3005 1298 3060 huius
1314 3004 1381 3060 anni
1393 3009 1423 3060 81
1435 3009 1493 3060 etet

406 3090 545 3161 reliquum
558 3090 770 3161 quadragesime
781 3110 846 3148 cum
858 3095 959 3149 8818118
971 3095 1168 3165 questionistis

336 3177 442 3234 Eadem
454 3178 545 3248 gratia
556 3177 719 3233 conceditur
730 3179 828 3235 eodem
842 3181 978 3236 Nicholao
991 3181 1102 3253 Riselye
1115 3181 1165 3236 Ro.
1179 3181 1273 3253 Shyne

336 3267 443 3322 Eadem
463 3267 554 3337 gratia
575 3265 738 3322 conceditur
761 3269 858 3324 eodem
879 3286 943 3324 cum
968 3274 998 3323 11
1023 3269 1153 3325 terminis
1173 3270 1233 3325 Jec
1257 3269 1337 3341 Kaye
1357 3275 1387 3325 et
1407 3270 1492 3326 111111.

406 3353 530 3409 Samuel]
548 3361 661 3409 etcum
681 3359 716 3409 10
733 3357 863 3412 terminis
881 3357 950 3412 Tho.
970 3357 1080 3412 Yarner

336 3443 505 3500 Conceditur
525 3447 558 3498 19
577 3442 720 3499 Februarii
742 3445 878 3501 1118118188
896 3445 1010 3500 Welche
1029 3449 1060 3500 vt
1080 3451 1113 3500 12
1131 3447 1247 3502 termini
1268 3447 1421 3518 partimin
1440 3449 1493 3502 hac

407 3531 592 3587 rainer-nitate
613 3537 642 3587 81
662 3532 778 3588 Oxoniis
799 3535 904 3604 partim
924 3534 1041 3588 Parisiis
1063 3534 1093 3588 in
1112 3533 1217 3605 quibus
1234 3538 1287 3590 etc.
1306 3535 1447 3590 sufficiant
1467 3537 1494 3592 81

407 3620 443 3675 ad
459 3619 685 3692 respondendum
702 3623 843 3694 questioni
860 3623 945 3678 sicvt
961 3622 1022 3677 eius
1039 3622 1160 3678 eruditio
1177 3624 1256 3694 prius
1272 3623 1449 3679 examinetur
1464 3629 1494 3680 81

406 3707 578 3780 approbetur
591 3727 642 3780 per
653 3710 858 3765 examinatores
870 3709 954 3765 huius
966 3709 1033 3764 anni

337 3795 506 3852 Conceditur
521 3800 539 3852 9
554 3796 571 3851 J
574 3796 624 3850 ulii
643 3796 768 3852 116111.
782 3797 886 3852 Corbet
899 3803 930 3852 vt
948 3802 981 3853 10
994 3799 1109 3855 termini
1126 3799 1155 3854 in
1169 3797 1273 3872 quibus
1284 3805 1338 3856 etc
1351 3801 1493 3856 sufficiant

406 3883 433 3940 ei
445 3883 480 3939 ad
492 3883 718 3954 respondendum
729 3885 872 3956 quaetioni
