3344 5110
783 362 897 414 ossen
918 365 1012 416 soon
1035 370 1059 416 s
1338 355 1505 443 [1544-45

832 693 873 759 In
897 694 1021 762 musice

348 849 422 904 ltem
431 850 594 906 conceditur
603 850 776 907 christoforo
785 853 845 925 Tye
853 853 899 909 hic
912 855 988 926 opud
997 873 1048 911 voe
1057 856 1088 912 in
1097 859 1205 914 musica
1213 858 1432 918 bacchamureus
1440 863 1504 934 (sic)

417 943 450 993 vt
461 938 588 994 studium
600 943 630 994 et
641 940 765 1010 practica
777 940 873 996 decem
885 959 1023 998 annorum
1040 949 1106 1016 post
1121 947 1238 1016 gordum
1256 947 1504 1008 bacchalaureatue

416 1033 579 1098 susceptum
591 1028 712 1083 sufficiet
723 1029 748 1083 ei
761 1047 811 1100 pro
823 1030 963 1102 completo
974 1031 1063 1103 gradu
1075 1032 1239 1091 doctoratus
1256 1036 1285 1091 in
1302 1037 1400 1094 eedem
1417 1037 1502 1095 facul·

417 1119 477 1171 tats
495 1116 535 1171 ita
552 1120 649 1172 tamen
666 1121 698 1172 vt
714 1123 865 1190 componat
881 1119 997 1175 missam
1014 1120 1044 1176 in
1062 1121 1108 1177 die
1124 1124 1331 1181 commitiornm
1347 1127 1501 1182 canendam

417 1220 510 1258 coram
531 1202 611 1258 vobis
631 1203 762 1260 conviust
785 1209 814 1260 et
833 1206 990 1262 satisfaciat
1011 1208 1152 1264 officiariis
1175 1215 1204 1265 et
1224 1213 1358 1282 quonism
1383 1231 1439 1270 non
1461 1232 1501 1270 re

413 1289 523 1360 peritur
536 1288 635 1344 doctor
651 1290 680 1344 in
696 1289 793 1346 eadem
810 1291 946 1347 facultate
958 1297 1139 1364 presentetur
1154 1293 1183 1349 in
1196 1293 1298 1352 habitu
1310 1315 1366 1352 non
1379 1299 1502 1369 regentis

415 1388 465 1442 per
476 1387 563 1426 vnum
576 1378 787 1442 procuratorum

344 1459 418 1514 Item
430 1460 593 1515 conceditur
603 1460 694 1516 eidem
710 1478 800 1532 nuper
810 1461 934 1517 admisso
946 1462 982 1518 ed
997 1463 1191 1536 incipiendum
1203 1467 1232 1521 in
1245 1468 1354 1524 musice
1365 1474 1399 1524 vt
1410 1470 1501 1540 possit

414 1547 456 1603 vti
467 1550 676 1605 commitiorum
686 1555 813 1622 tempore
823 1550 924 1606 habitu
936 1552 1083 1608 doctorum
1094 1554 1124 1608 in
1138 1554 1277 1610 medicina

229 1917 248 1976 f·
267 1916 333 1976 13⁸
615 1925 753 2010 [Gratiae
775 1925 873 1989 variae
895 1933 930 1990 et
953 1923 1225 2012 dispensationes]

344 2115 379 2171 In
402 2115 502 2187 primis
524 2112 687 2170 conceditur
704 2120 738 2170 vt
755 2115 854 2170 doctor
874 2115 993 2187 Smythe
1016 2115 1125 2189 Wendy
1148 2120 1178 2171 et
1198 2116 1326 2189 inceptor
1348 2117 1498 2189 Atkynson

413 2203 473 2258 sint
484 2201 590 2258 iudices
601 2201 720 2273 delegati
733 2204 763 2258 in
775 2219 860 2257 causa
871 2202 1068 2273 appellationis
1079 2203 1154 2257 inter
1165 2201 1310 2260 doctorem
1323 2204 1498 2276 Standysshe

412 2295 443 2346 et
459 2291 602 2346 Adamum
623 2290 805 2362 Ryohardson
823 2295 853 2345 et
870 2290 1005 2361 quicquid
1024 2291 1114 2345 maior
1134 2308 1200 2362 pars
1224 2292 1325 2347 horum
1343 2292 1498 2348 decreuerit

413 2396 464 2452 pro
482 2385 575 2434 vestro
592 2379 667 2433 facto
685 2377 824 2433 habeatur

343 2466 416 2522 ltem
437 2466 598 2522 conceditur
618 2472 652 2521 vt
671 2466 768 2521 doctor
790 2466 905 2538 Hsrvye
929 2466 1056 2536 magistri
1078 2466 1266 2538 Aynsworthe
1290 2473 1320 2524 st
1342 2468 1413 2540 Pory
1438 2470 1498 2525 sint

412 2555 519 2611 iudices
538 2555 659 2626 delegati
680 2556 711 2610 in
731 2571 816 2610 causa
835 2553 1033 2626 appellationis
1057 2555 1131 2609 inter
1151 2554 1280 2610 dominos
1304 2561 1497 2628 procuratores

412 2649 442 2699 et
461 2643 576 2717 Kyrbye

342 2733 415 2790 Item
435 2733 597 2789 conceditur
615 2737 646 2788 vt
663 2732 795 2787 dominus
812 2730 970 2786 willelmus
984 2731 1141 2802 Geteryeke
1158 2732 1320 2788 nominetur
1337 2738 1366 2787 st
1384 2750 1495 2804 presen-

412 2827 490 2877 tetur
506 2821 542 2876 ad
560 2821 692 2876 vicariam
708 2819 744 2875 de
759 2818 877 2874 Bur-well
895 2817 1049 2873 secundum
1066 2823 1191 2874 tenorem
1209 2827 1238 2874 et
1253 2820 1384 2876 effectum
1403 2820 1494 2876 litera·

412 2927 476 2965 rum
487 2909 594 2964 domini
607 2907 736 2963 Edwsrdi
750 2906 859 2961 Northe

342 2999 416 3055 Item
435 2997 596 3054 conceditur
614 3003 646 3053 vt
663 2997 870 3069 disputationes
891 2995 1082 3067 philosophice
1100 2995 1167 3051 hino
1184 3013 1273 3068 vsque
1294 2996 1330 3052 sd
1351 2997 1496 3052 commitis

413 3087 504 3144 fiende
523 3087 752 3143 intermittantur
774 3083 983 3141 nonobstante
1006 3088 1116 3140 statuto
1133 3084 1267 3156 quoniam
1289 3089 1403 3156 propter
1426 3084 1494 3140 dile·

412 3177 517 3232 tionem
530 3176 737 3232 commitiorum
753 3174 856 3229 iniuria
873 3174 952 3227 fieret
963 3172 1150 3244 disputatoris
1161 3179 1191 3228 et
1207 3173 1278 3229 nihil
1295 3174 1408 3230 interim
1420 3191 1493 3228 com-

411 3263 488 3320 modi
500 3265 653 3319 exoriretur
663 3261 779 3317 bedsllis

342 3353 416 3408 item
434 3351 596 3408 conceditur
607 3356 640 3405 vt
655 3368 793 3422 campens
809 3349 900 3405 sancti
915 3348 1060 3404 Benedicti
1073 3367 1128 3420 que
1140 3349 1205 3404 olim
1219 3348 1255 3403 ad
1270 3349 1495 3421 congregationes

411 3445 441 3496 et
456 3441 564 3512 relique
575 3438 737 3495 achedemie
749 3439 862 3509 negotia
872 3435 986 3508 pulsata
998 3437 1053 3492 fuit
1081 3442 1146 3509 post
1158 3436 1211 3492 hac
1223 3455 1336 3493 rursum
1348 3454 1399 3510 pro
1410 3437 1493 3492 solito

410 3528 551 3600 stipendio
562 3544 657 3583 ennuo
668 3527 718 3598 vjs
731 3526 778 3596 viij
788 3525 806 3580 d
818 3525 947 3596 pulsetur

341 3616 414 3672 item
432 3615 594 3671 conceditur
611 3620 643 3669 vt
662 3614 800 3669 terminus
818 3615 980 3684 prorogetur
999 3629 1086 3682 vsque
1103 3611 1139 3666 sd
1160 3628 1265 3666 nonum
1283 3611 1358 3667 diem
1376 3612 1445 3668 Julii
1463 3615 1493 3668 et

410 3704 486 3776 quod
498 3703 643 3760 commitis
655 3700 829 3756 celebrentur
840 3704 961 3754 sextoet
973 3699 1093 3770 septimo
1104 3699 1229 3755 eiusdem
1242 3701 1347 3755 mensis

342 3793 415 3847 Item
427 3790 589 3846 conceditur
601 3797 632 3844 vt
644 3789 760 3859 exequie
772 3785 892 3842 Gilberti
903 3785 1033 3858 Ronbsry
1041 3784 1205 3842 celebrande
1215 3786 1262 3841 die
1273 3785 1291 3841 J
1293 3786 1355 3842 ouis
1369 3787 1494 3859 proximo

411 3879 544 3935 anteferri
555 3878 665 3950 possint
676 3881 706 3932 et
717 3874 892 3931 celebrentur
903 3873 949 3929 die
961 3874 1091 3928 mercurii

341 3967 416 4022 Item
431 3972 465 4038 yt
479 3985 513 4039 ys
530 3965 668 4037 graunted
684 3963 749 4019 thet
764 3962 806 4018 M*
818 3960 1043 4018 Vioeohancellor
1057 3960 1094 4015 do
1109 3978 1191 4032 osrye
1203 3976 1276 4031 eppe
1291 3957 1315 4016 dr
1329 3977 1384 4032 pay
1400 3965 1431 4015 to
1446 3959 1493 4014 Sir

411 4053 546 4110 Edwards
560 4053 587 4107 N
589 4052 670 4108 orthe
685 4049 850 4106 ohaunceler
865 4050 896 4104 of
909 4048 1177 4118 thswgmentscions
1195 4053 1226 4103 at
1242 4047 1292 4102 the
1303 4045 1452 4118 delyusrye
1463 4047 1496 4101 of

410 4143 460 4198 the
475 4143 581 4214 kyngee
592 4143 691 4198 lettres
707 4138 730 4197 dr
746 4140 827 4195 other
840 4137 961 4210 thyngee
977 4141 1128 4208 requysyte
1143 4135 1299 4207 acordynge
1315 4140 1345 4190 to
1361 4133 1410 4188 the
1426 4152 1491 4205 pur-

410 4237 489 4303 ports
501 4231 525 4286 lt
536 4231 633 4286 effecte
644 4231 675 4284 of
684 4229 733 4286 the
745 4229 908 4284 indenturss
920 4243 981 4280 now
994 4225 1042 4280 red
1055 4225 1105 4280 the
1116 4225 1189 4296 fyrst
1200 4227 1335 4296 payment

340 4321 413 4375 ltem
423 4319 585 4374 conceditur
594 4323 626 4373 vt
636 4317 769 4388 quonism
782 4316 834 4370 hoo
846 4332 920 4369 anno
929 4313 1136 4384 disputationes
1145 4311 1283 4366 ordinarie
1296 4309 1490 4381 magistrorum

409 4407 616 4462 becchalaureis
633 4406 683 4476 qui
700 4403 838 4474 incepturi
854 4407 948 4457 essent
967 4401 996 4455 in
1014 4398 1124 4454 artibus
1142 4417 1198 4453 non
1216 4397 1361 4453 sufficiunt
1377 4397 1492 4468 quidam
