<?xml version="1.0" encoding="UTF-8"?>
<!DOCTYPE html PUBLIC "-//W3C//DTD XHTML 1.0 Transitional//EN"
    "http://www.w3.org/TR/xhtml1/DTD/xhtml1-transitional.dtd">
<html xmlns="http://www.w3.org/1999/xhtml" xml:lang="en" lang="en">
 <head>
  <title>
</title>
<meta http-equiv="Content-Type" content="text/html;charset=utf-8" />
  <meta name='ocr-system' content='tesseract 3.04.00' />
  <meta name='ocr-capabilities' content='ocr_page ocr_carea ocr_par ocr_line ocrx_word'/>
</head>
<body>
  <div class='ocr_page' id='page_1' title='image "./gracebookgreekl00venngoog_0449.png"; bbox 0 0 3398 5122; ppageno 0'>
   <div class='ocr_carea' id='block_1_1' title="bbox 339 333 1495 422">
    <p class='ocr_par' dir='ltr' id='par_1_1' title="bbox 339 333 1495 422">
     <span class='ocr_line' id='line_1_1' title="bbox 339 333 1495 422; baseline -0.001 -22"><span class='ocrx_word' id='word_1_1' title='bbox 339 338 402 402; x_wconf 79' lang='grc'><strong>416</strong></span> <span class='ocrx_word' id='word_1_2' title='bbox 772 355 886 403; x_wconf 82' lang='lat' dir='ltr'><strong>cesos</strong></span> <span class='ocrx_word' id='word_1_3' title='bbox 908 354 999 403; x_wconf 79' lang='lat' dir='ltr'><strong>noos</strong></span> <span class='ocrx_word' id='word_1_4' title='bbox 1024 355 1046 402; x_wconf 80' lang='lat' dir='ltr'><strong>a</strong></span> <span class='ocrx_word' id='word_1_5' title='bbox 1332 333 1495 422; x_wconf 66' lang='lat' dir='ltr'><strong>[lesem</strong></span> 
     </span>
    </p>
   </div>
   <div class='ocr_carea' id='block_1_2' title="bbox 337 505 1506 4457">
    <p class='ocr_par' dir='ltr' id='par_1_2' title="bbox 337 505 1496 2158">
     <span class='ocr_line' id='line_1_2' title="bbox 337 505 1496 580; baseline -0.001 -20"><span class='ocrx_word' id='word_1_6' title='bbox 337 505 506 563; x_wconf 75' lang='lat' dir='ltr'><strong>Conceditur</strong></span> <span class='ocrx_word' id='word_1_7' title='bbox 520 513 553 563; x_wconf 88' lang='lat'><strong>16</strong></span> <span class='ocrx_word' id='word_1_8' title='bbox 566 508 729 564; x_wconf 80' lang='lat' dir='ltr'><strong>Decembris</strong></span> <span class='ocrx_word' id='word_1_9' title='bbox 765 509 837 564; x_wconf 85' lang='lat' dir='ltr'><strong>Oum</strong></span> <span class='ocrx_word' id='word_1_10' title='bbox 849 508 910 564; x_wconf 88' lang='lat' dir='ltr'><strong>dies</strong></span> <span class='ocrx_word' id='word_1_11' title='bbox 922 508 958 564; x_wconf 92' lang='lat' dir='ltr'><strong>ad</strong></span> <span class='ocrx_word' id='word_1_12' title='bbox 971 508 1192 580; x_wconf 76' lang='lat' dir='ltr'><strong>philosophicam</strong></span> <span class='ocrx_word' id='word_1_13' title='bbox 1205 507 1429 580; x_wconf 86' lang='lat' dir='ltr'><strong>disputacionsm</strong></span> <span class='ocrx_word' id='word_1_14' title='bbox 1446 523 1496 577; x_wconf 90' lang='lat' dir='ltr'><strong>per</strong></span> 
     </span>
     <span class='ocr_line' id='line_1_3' title="bbox 407 594 1495 668; baseline -0.003 -18"><span class='ocrx_word' id='word_1_15' title='bbox 407 599 517 650; x_wconf 86' lang='lat' dir='ltr'><strong>statuta</strong></span> <span class='ocrx_word' id='word_1_16' title='bbox 538 597 679 652; x_wconf 73' lang='lat' dir='ltr'><strong>academie</strong></span> <span class='ocrx_word' id='word_1_17' title='bbox 699 597 834 666; x_wconf 86' lang='lat' dir='ltr'><strong>assignati</strong></span> <span class='ocrx_word' id='word_1_18' title='bbox 856 614 913 652; x_wconf 93' lang='lat' dir='ltr'><strong>non</strong></span> <span class='ocrx_word' id='word_1_19' title='bbox 931 596 1076 652; x_wconf 88' lang='lat' dir='ltr'><strong>sufficiunt</strong></span> <span class='ocrx_word' id='word_1_20' title='bbox 1094 597 1249 668; x_wconf 88' lang='lat' dir='ltr'><strong>incepturis</strong></span> <span class='ocrx_word' id='word_1_21' title='bbox 1267 596 1296 650; x_wconf 89' lang='lat' dir='ltr'><strong>in</strong></span> <span class='ocrx_word' id='word_1_22' title='bbox 1314 594 1425 650; x_wconf 88' lang='lat' dir='ltr'><strong>artibus</strong></span> <span class='ocrx_word' id='word_1_23' title='bbox 1442 594 1495 647; x_wconf 88' lang='lat' dir='ltr'><strong>hoc</strong></span> 
     </span>
     <span class='ocr_line' id='line_1_4' title="bbox 406 681 1495 755; baseline -0.001 -18"><span class='ocrx_word' id='word_1_24' title='bbox 406 700 480 738; x_wconf 92' lang='lat' dir='ltr'><strong>anno</strong></span> <span class='ocrx_word' id='word_1_25' title='bbox 497 685 587 755; x_wconf 88' lang='lat' dir='ltr'><strong>placet</strong></span> <span class='ocrx_word' id='word_1_26' title='bbox 601 685 679 740; x_wconf 89' lang='lat' dir='ltr'><strong>vobis</strong></span> <span class='ocrx_word' id='word_1_27' title='bbox 692 689 723 738; x_wconf 89' lang='lat' dir='ltr'><strong>vt</strong></span> <span class='ocrx_word' id='word_1_28' title='bbox 735 689 830 739; x_wconf 85' lang='lat' dir='ltr'><strong>vestra</strong></span> <span class='ocrx_word' id='word_1_29' title='bbox 844 685 1013 739; x_wconf 86' lang='lat' dir='ltr'><strong>auctoritate</strong></span> <span class='ocrx_word' id='word_1_30' title='bbox 1028 683 1132 738; x_wconf 89' lang='lat' dir='ltr'><strong>eisdem</strong></span> <span class='ocrx_word' id='word_1_31' title='bbox 1149 683 1305 755; x_wconf 88' lang='lat' dir='ltr'><strong>incepturis</strong></span> <span class='ocrx_word' id='word_1_32' title='bbox 1320 683 1438 738; x_wconf 88' lang='lat' dir='ltr'><strong>liberum</strong></span> <span class='ocrx_word' id='word_1_33' title='bbox 1455 681 1495 736; x_wconf 89' lang='lat' dir='ltr'><strong>sit</strong></span> 
     </span>
     <span class='ocr_line' id='line_1_5' title="bbox 406 771 1495 844; baseline 0 -18"><span class='ocrx_word' id='word_1_34' title='bbox 406 773 483 827; x_wconf 92' lang='lat' dir='ltr'><strong>omni</strong></span> <span class='ocrx_word' id='word_1_35' title='bbox 501 774 624 844; x_wconf 79' lang='lat' dir='ltr'><strong>profesto</strong></span> <span class='ocrx_word' id='word_1_36' title='bbox 641 773 688 829; x_wconf 90' lang='lat' dir='ltr'><strong>die</strong></span> <span class='ocrx_word' id='word_1_37' title='bbox 705 772 856 828; x_wconf 90' lang='lat' dir='ltr'><strong>cuiuslibet</strong></span> <span class='ocrx_word' id='word_1_38' title='bbox 873 773 1031 844; x_wconf 75' lang='lat' dir='ltr'><strong>septimane</strong></span> <span class='ocrx_word' id='word_1_39' title='bbox 1049 773 1078 826; x_wconf 92' lang='lat' dir='ltr'><strong>in</strong></span> <span class='ocrx_word' id='word_1_40' title='bbox 1097 772 1218 827; x_wconf 91' lang='lat' dir='ltr'><strong>termino</strong></span> <span class='ocrx_word' id='word_1_41' title='bbox 1238 771 1447 844; x_wconf 90' lang='lat' dir='ltr'><strong>disputaciones</strong></span> <span class='ocrx_word' id='word_1_42' title='bbox 1465 777 1495 826; x_wconf 86' lang='lat' dir='ltr'><strong>et</strong></span> 
     </span>
     <span class='ocr_line' id='line_1_6' title="bbox 406 861 1496 934; baseline -0.002 -18"><span class='ocrx_word' id='word_1_43' title='bbox 406 863 599 933; x_wconf 82' lang='lat' dir='ltr'><strong>responsiones</strong></span> <span class='ocrx_word' id='word_1_44' title='bbox 611 880 677 918; x_wconf 90' lang='lat' dir='ltr'><strong>snas</strong></span> <span class='ocrx_word' id='word_1_45' title='bbox 689 881 753 918; x_wconf 92' lang='lat' dir='ltr'><strong>cum</strong></span> <span class='ocrx_word' id='word_1_46' title='bbox 766 863 908 933; x_wconf 78' lang='lat' dir='ltr'><strong>magistris</strong></span> <span class='ocrx_word' id='word_1_47' title='bbox 920 862 1133 934; x_wconf 73' lang='lat' dir='ltr'><strong>disputantibus</strong></span> <span class='ocrx_word' id='word_1_48' title='bbox 1145 879 1275 933; x_wconf 80' lang='lat' dir='ltr'><strong>peragere</strong></span> <span class='ocrx_word' id='word_1_49' title='bbox 1284 862 1383 918; x_wconf 85' lang='lat' dir='ltr'><strong>tamin</strong></span> <span class='ocrx_word' id='word_1_50' title='bbox 1392 861 1496 916; x_wconf 87' lang='lat' dir='ltr'><strong>scholis</strong></span> 
     </span>
     <span class='ocr_line' id='line_1_7' title="bbox 406 947 1494 1022; baseline 0.002 -20"><span class='ocrx_word' id='word_1_51' title='bbox 406 947 580 1022; x_wconf 89' lang='lat' dir='ltr'><strong>philosophie</strong></span> <span class='ocrx_word' id='word_1_52' title='bbox 592 969 678 1022; x_wconf 91' lang='lat' dir='ltr'><strong>quam</strong></span> <span class='ocrx_word' id='word_1_53' title='bbox 691 952 851 1007; x_wconf 89' lang='lat' dir='ltr'><strong>dialectices</strong></span> <span class='ocrx_word' id='word_1_54' title='bbox 859 949 896 1006; x_wconf 85' lang='lat' dir='ltr'><strong>ab</strong></span> <span class='ocrx_word' id='word_1_55' title='bbox 906 951 974 1005; x_wconf 87' lang='lat' dir='ltr'><strong>hora</strong></span> <span class='ocrx_word' id='word_1_56' title='bbox 983 968 1057 1006; x_wconf 90' lang='lat' dir='ltr'><strong>nona</strong></span> <span class='ocrx_word' id='word_1_57' title='bbox 1066 951 1100 1006; x_wconf 90' lang='lat' dir='ltr'><strong>ad</strong></span> <span class='ocrx_word' id='word_1_58' title='bbox 1112 950 1287 1006; x_wconf 89' lang='lat' dir='ltr'><strong>vndecimam</strong></span> <span class='ocrx_word' id='word_1_59' title='bbox 1298 949 1494 1006; x_wconf 86' lang='lat' dir='ltr'><strong>antemeridia-</strong></span> 
     </span>
     <span class='ocr_line' id='line_1_8' title="bbox 408 1035 1496 1108; baseline 0.003 -19"><span class='ocrx_word' id='word_1_60' title='bbox 408 1051 474 1089; x_wconf 87' lang='lat' dir='ltr'><strong>nam</strong></span> <span class='ocrx_word' id='word_1_61' title='bbox 492 1041 522 1091; x_wconf 91' lang='lat' dir='ltr'><strong>et</strong></span> <span class='ocrx_word' id='word_1_62' title='bbox 539 1036 576 1091; x_wconf 88' lang='lat' dir='ltr'><strong>ab</strong></span> <span class='ocrx_word' id='word_1_63' title='bbox 595 1038 663 1092; x_wconf 89' lang='lat' dir='ltr'><strong>hora</strong></span> <span class='ocrx_word' id='word_1_64' title='bbox 681 1037 772 1108; x_wconf 88' lang='lat' dir='ltr'><strong>prima</strong></span> <span class='ocrx_word' id='word_1_65' title='bbox 789 1036 826 1091; x_wconf 91' lang='lat' dir='ltr'><strong>ad</strong></span> <span class='ocrx_word' id='word_1_66' title='bbox 844 1037 958 1091; x_wconf 88' lang='lat' dir='ltr'><strong>tertiam</strong></span> <span class='ocrx_word' id='word_1_67' title='bbox 977 1035 1198 1108; x_wconf 75' lang='lat' dir='ltr'><strong>pomeridianam</strong></span> <span class='ocrx_word' id='word_1_68' title='bbox 1219 1052 1253 1091; x_wconf 86' lang='lat' dir='ltr'><strong>ea</strong></span> <span class='ocrx_word' id='word_1_69' title='bbox 1274 1043 1370 1092; x_wconf 88' lang='lat' dir='ltr'><strong>tamen</strong></span> <span class='ocrx_word' id='word_1_70' title='bbox 1389 1036 1448 1108; x_wconf 85' lang='lat' dir='ltr'><strong>lege</strong></span> <span class='ocrx_word' id='word_1_71' title='bbox 1465 1041 1496 1092; x_wconf 92' lang='lat' dir='ltr'><strong>et</strong></span> 
     </span>
     <span class='ocr_line' id='line_1_9' title="bbox 407 1123 1496 1196; baseline 0.003 -19"><span class='ocrx_word' id='word_1_72' title='bbox 407 1123 567 1179; x_wconf 90' lang='lat' dir='ltr'><strong>conditione</strong></span> <span class='ocrx_word' id='word_1_73' title='bbox 585 1129 618 1179; x_wconf 83' lang='lat' dir='ltr'><strong>vt</strong></span> <span class='ocrx_word' id='word_1_74' title='bbox 639 1125 679 1195; x_wconf 91' lang='lat' dir='ltr'><strong>(l)</strong></span> <span class='ocrx_word' id='word_1_75' title='bbox 700 1124 773 1178; x_wconf 84' lang='lat' dir='ltr'><strong>alter</strong></span> <span class='ocrx_word' id='word_1_76' title='bbox 790 1129 1003 1194; x_wconf 87' lang='lat' dir='ltr'><strong>procuratorum</strong></span> <span class='ocrx_word' id='word_1_77' title='bbox 1022 1124 1098 1180; x_wconf 91' lang='lat' dir='ltr'><strong>adsit</strong></span> <span class='ocrx_word' id='word_1_78' title='bbox 1116 1141 1166 1196; x_wconf 88' lang='lat' dir='ltr'><strong>per</strong></span> <span class='ocrx_word' id='word_1_79' title='bbox 1182 1124 1254 1180; x_wconf 90' lang='lat' dir='ltr'><strong>duas</strong></span> <span class='ocrx_word' id='word_1_80' title='bbox 1272 1125 1395 1196; x_wconf 86' lang='lat' dir='ltr'><strong>integras</strong></span> <span class='ocrx_word' id='word_1_81' title='bbox 1412 1125 1496 1180; x_wconf 86' lang='lat' dir='ltr'><strong>boras</strong></span> 
     </span>
     <span class='ocr_line' id='line_1_10' title="bbox 407 1211 1495 1285; baseline 0.001 -20"><span class='ocrx_word' id='word_1_82' title='bbox 407 1211 629 1284; x_wconf 76' lang='lat' dir='ltr'><strong>disputationem</strong></span> <span class='ocrx_word' id='word_1_83' title='bbox 646 1213 795 1268; x_wconf 89' lang='lat' dir='ltr'><strong>moderans</strong></span> <span class='ocrx_word' id='word_1_84' title='bbox 809 1215 848 1285; x_wconf 72' lang='lat'><strong>(2)</strong></span> <span class='ocrx_word' id='word_1_85' title='bbox 860 1230 1008 1284; x_wconf 89' lang='lat' dir='ltr'><strong>responsor</strong></span> <span class='ocrx_word' id='word_1_86' title='bbox 1022 1229 1086 1268; x_wconf 80' lang='lat' dir='ltr'><strong>vero</strong></span> <span class='ocrx_word' id='word_1_87' title='bbox 1099 1212 1246 1283; x_wconf 78' lang='lat' dir='ltr'><strong>utriusque</strong></span> <span class='ocrx_word' id='word_1_88' title='bbox 1261 1213 1418 1283; x_wconf 87' lang='lat' dir='ltr'><strong>questionis</strong></span> <span class='ocrx_word' id='word_1_89' title='bbox 1433 1229 1495 1267; x_wconf 89' lang='lat' dir='ltr'><strong>sen·</strong></span> 
     </span>
     <span class='ocr_line' id='line_1_11' title="bbox 408 1297 1496 1371; baseline -0.001 -16"><span class='ocrx_word' id='word_1_90' title='bbox 408 1300 529 1356; x_wconf 87' lang='lat' dir='ltr'><strong>tentiam</strong></span> <span class='ocrx_word' id='word_1_91' title='bbox 539 1300 753 1355; x_wconf 90' lang='lat' dir='ltr'><strong>etintellectum</strong></span> <span class='ocrx_word' id='word_1_92' title='bbox 763 1299 924 1355; x_wconf 86' lang='lat' dir='ltr'><strong>memoriter</strong></span> <span class='ocrx_word' id='word_1_93' title='bbox 932 1303 963 1354; x_wconf 92' lang='lat' dir='ltr'><strong>et</strong></span> <span class='ocrx_word' id='word_1_94' title='bbox 970 1300 1031 1354; x_wconf 91' lang='lat' dir='ltr'><strong>sine</strong></span> <span class='ocrx_word' id='word_1_95' title='bbox 1039 1297 1110 1354; x_wconf 91' lang='lat' dir='ltr'><strong>libro</strong></span> <span class='ocrx_word' id='word_1_96' title='bbox 1119 1297 1278 1354; x_wconf 89' lang='lat' dir='ltr'><strong>enucleabit</strong></span> <span class='ocrx_word' id='word_1_97' title='bbox 1285 1301 1326 1370; x_wconf 83' lang='grc'><strong>(3)</strong></span> <span class='ocrx_word' id='word_1_98' title='bbox 1335 1300 1496 1371; x_wconf 87' lang='lat' dir='ltr'><strong>questiones</strong></span> 
     </span>
     <span class='ocr_line' id='line_1_12' title="bbox 407 1385 1496 1460; baseline -0.002 -17"><span class='ocrx_word' id='word_1_99' title='bbox 407 1387 593 1460; x_wconf 85' lang='lat' dir='ltr'><strong>disputandos</strong></span> <span class='ocrx_word' id='word_1_100' title='bbox 605 1387 724 1459; x_wconf 86' lang='lat' dir='ltr'><strong>publicis</strong></span> <span class='ocrx_word' id='word_1_101' title='bbox 736 1387 895 1443; x_wconf 87' lang='lat' dir='ltr'><strong>scholarum</strong></span> <span class='ocrx_word' id='word_1_102' title='bbox 907 1386 997 1442; x_wconf 86' lang='lat' dir='ltr'><strong>valvis</strong></span> <span class='ocrx_word' id='word_1_103' title='bbox 1010 1404 1075 1442; x_wconf 88' lang='lat' dir='ltr'><strong>cum</strong></span> <span class='ocrx_word' id='word_1_104' title='bbox 1092 1385 1298 1458; x_wconf 80' lang='lat' dir='ltr'><strong>subscriptione</strong></span> <span class='ocrx_word' id='word_1_105' title='bbox 1313 1387 1435 1442; x_wconf 89' lang='lat' dir='ltr'><strong>nominis</strong></span> <span class='ocrx_word' id='word_1_106' title='bbox 1451 1387 1496 1441; x_wconf 92' lang='lat' dir='ltr'><strong>sui</strong></span> 
     </span>
     <span class='ocr_line' id='line_1_13' title="bbox 408 1474 1496 1547; baseline 0 -17"><span class='ocrx_word' id='word_1_107' title='bbox 408 1477 502 1547; x_wconf 85' lang='lat' dir='ltr'><strong>affiget</strong></span> <span class='ocrx_word' id='word_1_108' title='bbox 513 1476 582 1532; x_wconf 88' lang='lat' dir='ltr'><strong>hora</strong></span> <span class='ocrx_word' id='word_1_109' title='bbox 594 1481 694 1532; x_wconf 87' lang='lat' dir='ltr'><strong>octava</strong></span> <span class='ocrx_word' id='word_1_110' title='bbox 710 1481 776 1531; x_wconf 88' lang='lat' dir='ltr'><strong>ante</strong></span> <span class='ocrx_word' id='word_1_111' title='bbox 793 1475 1017 1546; x_wconf 86' lang='lat' dir='ltr'><strong>disputacionem</strong></span> <span class='ocrx_word' id='word_1_112' title='bbox 1035 1476 1075 1544; x_wconf 82' lang='lat'><strong>(4)</strong></span> <span class='ocrx_word' id='word_1_113' title='bbox 1091 1478 1122 1530; x_wconf 91' lang='lat' dir='ltr'><strong>et</strong></span> <span class='ocrx_word' id='word_1_114' title='bbox 1137 1474 1235 1530; x_wconf 89' lang='lat' dir='ltr'><strong>eodem</strong></span> <span class='ocrx_word' id='word_1_115' title='bbox 1249 1479 1375 1546; x_wconf 86' lang='lat' dir='ltr'><strong>tempore</strong></span> <span class='ocrx_word' id='word_1_116' title='bbox 1389 1474 1496 1530; x_wconf 85' lang='lat' dir='ltr'><strong>badello</strong></span> 
     </span>
     <span class='ocr_line' id='line_1_14' title="bbox 408 1561 1493 1637; baseline -0.002 -18"><span class='ocrx_word' id='word_1_117' title='bbox 408 1581 509 1620; x_wconf 90' lang='lat' dir='ltr'><strong>nomen</strong></span> <span class='ocrx_word' id='word_1_118' title='bbox 521 1564 697 1637; x_wconf 88' lang='lat' dir='ltr'><strong>disputantis</strong></span> <span class='ocrx_word' id='word_1_119' title='bbox 709 1565 801 1619; x_wconf 89' lang='lat' dir='ltr'><strong>locum</strong></span> <span class='ocrx_word' id='word_1_120' title='bbox 811 1569 840 1618; x_wconf 94' lang='lat' dir='ltr'><strong>et</strong></span> <span class='ocrx_word' id='word_1_121' title='bbox 849 1567 962 1634; x_wconf 83' lang='lat' dir='ltr'><strong>tempus</strong></span> <span class='ocrx_word' id='word_1_122' title='bbox 972 1561 1142 1633; x_wconf 87' lang='lat' dir='ltr'><strong>significabit</strong></span> <span class='ocrx_word' id='word_1_123' title='bbox 1151 1563 1200 1633; x_wconf 91' lang='lat' dir='ltr'><strong>qui</strong></span> <span class='ocrx_word' id='word_1_124' title='bbox 1210 1564 1251 1632; x_wconf 78' lang='grc' dir='ltr'><strong>(ὅ)</strong></span> <span class='ocrx_word' id='word_1_125' title='bbox 1261 1564 1341 1618; x_wconf 86' lang='lat' dir='ltr'><strong>iuxta</strong></span> <span class='ocrx_word' id='word_1_126' title='bbox 1349 1574 1493 1634; x_wconf 84' lang='lat' dir='ltr'><strong>receptum</strong></span> 
     </span>
     <span class='ocr_line' id='line_1_15' title="bbox 409 1650 1496 1724; baseline -0.001 -18"><span class='ocrx_word' id='word_1_127' title='bbox 409 1669 514 1707; x_wconf 90' lang='lat' dir='ltr'><strong>morem</strong></span> <span class='ocrx_word' id='word_1_128' title='bbox 533 1653 676 1708; x_wconf 85' lang='lat' dir='ltr'><strong>academie</strong></span> <span class='ocrx_word' id='word_1_129' title='bbox 695 1651 888 1724; x_wconf 85' lang='lat' dir='ltr'><strong>persingulas</strong></span> <span class='ocrx_word' id='word_1_130' title='bbox 907 1650 1016 1706; x_wconf 89' lang='lat' dir='ltr'><strong>scholas</strong></span> <span class='ocrx_word' id='word_1_131' title='bbox 1036 1667 1139 1705; x_wconf 91' lang='lat' dir='ltr'><strong>nomen</strong></span> <span class='ocrx_word' id='word_1_132' title='bbox 1158 1650 1332 1722; x_wconf 89' lang='lat' dir='ltr'><strong>disputantis</strong></span> <span class='ocrx_word' id='word_1_133' title='bbox 1352 1652 1445 1706; x_wconf 91' lang='lat' dir='ltr'><strong>locum</strong></span> <span class='ocrx_word' id='word_1_134' title='bbox 1466 1655 1496 1705; x_wconf 92' lang='lat' dir='ltr'><strong>et</strong></span> 
     </span>
     <span class='ocr_line' id='line_1_16' title="bbox 409 1737 1494 1811; baseline 0 -18"><span class='ocrx_word' id='word_1_135' title='bbox 409 1743 521 1811; x_wconf 82' lang='lat' dir='ltr'><strong>tempus</strong></span> <span class='ocrx_word' id='word_1_136' title='bbox 540 1739 651 1811; x_wconf 90' lang='lat' dir='ltr'><strong>publice</strong></span> <span class='ocrx_word' id='word_1_137' title='bbox 669 1737 849 1794; x_wconf 67' lang='lat' dir='ltr'><strong>denuntiabit</strong></span> <span class='ocrx_word' id='word_1_138' title='bbox 867 1739 907 1807; x_wconf 87' lang='lat'><strong>(6)</strong></span> <span class='ocrx_word' id='word_1_139' title='bbox 925 1742 955 1792; x_wconf 91' lang='lat' dir='ltr'><strong>et</strong></span> <span class='ocrx_word' id='word_1_140' title='bbox 973 1742 1100 1809; x_wconf 87' lang='lat' dir='ltr'><strong>tempore</strong></span> <span class='ocrx_word' id='word_1_141' title='bbox 1117 1737 1233 1793; x_wconf 88' lang='lat' dir='ltr'><strong>definito</strong></span> <span class='ocrx_word' id='word_1_142' title='bbox 1251 1737 1446 1810; x_wconf 84' lang='lat' dir='ltr'><strong>disputantem</strong></span> <span class='ocrx_word' id='word_1_143' title='bbox 1464 1743 1494 1794; x_wconf 89' lang='lat' dir='ltr'><strong>et</strong></span> 
     </span>
     <span class='ocr_line' id='line_1_17' title="bbox 409 1825 1496 1899; baseline -0.001 -16"><span class='ocrx_word' id='word_1_144' title='bbox 409 1833 617 1899; x_wconf 88' lang='lat' dir='ltr'><strong>procuratorem</strong></span> <span class='ocrx_word' id='word_1_145' title='bbox 639 1827 675 1883; x_wconf 86' lang='lat' dir='ltr'><strong>ad</strong></span> <span class='ocrx_word' id='word_1_146' title='bbox 697 1830 846 1882; x_wconf 86' lang='lat' dir='ltr'><strong>consuetas</strong></span> <span class='ocrx_word' id='word_1_147' title='bbox 867 1825 1015 1881; x_wconf 89' lang='lat' dir='ltr'><strong>cathedras</strong></span> <span class='ocrx_word' id='word_1_148' title='bbox 1036 1825 1155 1880; x_wconf 88' lang='lat' dir='ltr'><strong>deducet</strong></span> <span class='ocrx_word' id='word_1_149' title='bbox 1177 1827 1216 1896; x_wconf 85' lang='lat'><strong>(7)</strong></span> <span class='ocrx_word' id='word_1_150' title='bbox 1238 1831 1268 1882; x_wconf 90' lang='lat' dir='ltr'><strong>et</strong></span> <span class='ocrx_word' id='word_1_151' title='bbox 1289 1827 1436 1882; x_wconf 89' lang='lat' dir='ltr'><strong>duodecim</strong></span> <span class='ocrx_word' id='word_1_152' title='bbox 1459 1826 1496 1882; x_wconf 87' lang='lat' dir='ltr'><strong>ad</strong></span> 
     </span>
     <span class='ocr_line' id='line_1_18' title="bbox 410 1913 1496 1987; baseline 0.001 -17"><span class='ocrx_word' id='word_1_153' title='bbox 410 1915 504 1970; x_wconf 89' lang='lat' dir='ltr'><strong>minus</strong></span> <span class='ocrx_word' id='word_1_154' title='bbox 514 1916 618 1971; x_wconf 89' lang='lat' dir='ltr'><strong>artium</strong></span> <span class='ocrx_word' id='word_1_155' title='bbox 629 1915 822 1971; x_wconf 87' lang='lat' dir='ltr'><strong>bacchalaurei</strong></span> <span class='ocrx_word' id='word_1_156' title='bbox 831 1915 860 1968; x_wconf 94' lang='lat' dir='ltr'><strong>in</strong></span> <span class='ocrx_word' id='word_1_157' title='bbox 869 1913 1014 1968; x_wconf 89' lang='lat' dir='ltr'><strong>habitibus</strong></span> <span class='ocrx_word' id='word_1_158' title='bbox 1023 1918 1052 1968; x_wconf 89' lang='lat' dir='ltr'><strong>et</strong></span> <span class='ocrx_word' id='word_1_159' title='bbox 1061 1915 1183 1985; x_wconf 86' lang='lat' dir='ltr'><strong>caputiis</strong></span> <span class='ocrx_word' id='word_1_160' title='bbox 1192 1933 1242 1986; x_wconf 85' lang='lat' dir='ltr'><strong>per</strong></span> <span class='ocrx_word' id='word_1_161' title='bbox 1250 1916 1390 1987; x_wconf 88' lang='lat' dir='ltr'><strong>integrum</strong></span> <span class='ocrx_word' id='word_1_162' title='bbox 1400 1915 1496 1986; x_wconf 81' lang='lat' dir='ltr'><strong>dispu-</strong></span> 
     </span>
     <span class='ocr_line' id='line_1_19' title="bbox 409 1999 1495 2074; baseline 0 -17"><span class='ocrx_word' id='word_1_163' title='bbox 409 2003 529 2058; x_wconf 84' lang='lat' dir='ltr'><strong>tacionis</strong></span> <span class='ocrx_word' id='word_1_164' title='bbox 541 2007 653 2074; x_wconf 88' lang='lat' dir='ltr'><strong>tempus</strong></span> <span class='ocrx_word' id='word_1_165' title='bbox 665 2001 799 2057; x_wconf 84' lang='lat' dir='ltr'><strong>intersint</strong></span> <span class='ocrx_word' id='word_1_166' title='bbox 836 2001 910 2055; x_wconf 87' lang='lat' dir='ltr'><strong>Etsi</strong></span> <span class='ocrx_word' id='word_1_167' title='bbox 922 1999 1078 2071; x_wconf 89' lang='lat' dir='ltr'><strong>quidquam</strong></span> <span class='ocrx_word' id='word_1_168' title='bbox 1091 2001 1290 2071; x_wconf 85' lang='lat' dir='ltr'><strong>premissorum</strong></span> <span class='ocrx_word' id='word_1_169' title='bbox 1303 2002 1495 2058; x_wconf 83' lang='lat' dir='ltr'><strong>intermissum</strong></span> 
     </span>
     <span class='ocr_line' id='line_1_20' title="bbox 409 2087 1367 2158; baseline 0.001 -15"><span class='ocrx_word' id='word_1_170' title='bbox 409 2089 495 2143; x_wconf 79' lang='lat' dir='ltr'><strong>luerit</strong></span> <span class='ocrx_word' id='word_1_171' title='bbox 507 2094 558 2144; x_wconf 90' lang='lat' dir='ltr'><strong>aut</strong></span> <span class='ocrx_word' id='word_1_172' title='bbox 569 2107 650 2144; x_wconf 90' lang='lat' dir='ltr'><strong>secus</strong></span> <span class='ocrx_word' id='word_1_173' title='bbox 661 2089 769 2144; x_wconf 82' lang='lat' dir='ltr'><strong>lactum</strong></span> <span class='ocrx_word' id='word_1_174' title='bbox 782 2093 851 2142; x_wconf 89' lang='lat' dir='ltr'><strong>tunc</strong></span> <span class='ocrx_word' id='word_1_175' title='bbox 863 2105 896 2142; x_wconf 88' lang='lat' dir='ltr'><strong>ea</strong></span> <span class='ocrx_word' id='word_1_176' title='bbox 908 2087 1064 2158; x_wconf 86' lang='lat' dir='ltr'><strong>disputatio</strong></span> <span class='ocrx_word' id='word_1_177' title='bbox 1077 2105 1128 2158; x_wconf 94' lang='lat' dir='ltr'><strong>pro</strong></span> <span class='ocrx_word' id='word_1_178' title='bbox 1140 2088 1218 2143; x_wconf 88' lang='lat' dir='ltr'><strong>nulla</strong></span> <span class='ocrx_word' id='word_1_179' title='bbox 1229 2088 1367 2144; x_wconf 83' lang='lat' dir='ltr'><strong>habeatur</strong></span> 
     </span>
    </p>

    <p class='ocr_par' dir='ltr' id='par_1_3' title="bbox 341 2174 1499 2336">
     <span class='ocr_line' id='line_1_21' title="bbox 341 2174 1497 2248; baseline 0 -18"><span class='ocrx_word' id='word_1_180' title='bbox 341 2176 510 2232; x_wconf 86' lang='lat' dir='ltr'><strong>Conceditur</strong></span> <span class='ocrx_word' id='word_1_181' title='bbox 527 2181 561 2230; x_wconf 77' lang='lat'><strong>24</strong></span> <span class='ocrx_word' id='word_1_182' title='bbox 579 2177 675 2231; x_wconf 86' lang='lat' dir='ltr'><strong>Martii</strong></span> <span class='ocrx_word' id='word_1_183' title='bbox 712 2176 785 2231; x_wconf 86' lang='lat' dir='ltr'><strong>Cum</strong></span> <span class='ocrx_word' id='word_1_184' title='bbox 801 2175 1011 2247; x_wconf 87' lang='lat' dir='ltr'><strong>disputaciones</strong></span> <span class='ocrx_word' id='word_1_185' title='bbox 1028 2174 1219 2247; x_wconf 91' lang='lat' dir='ltr'><strong>philosophice</strong></span> <span class='ocrx_word' id='word_1_186' title='bbox 1235 2194 1326 2248; x_wconf 90' lang='lat' dir='ltr'><strong>nuper</strong></span> <span class='ocrx_word' id='word_1_187' title='bbox 1341 2176 1406 2248; x_wconf 92' lang='lat' dir='ltr'><strong>(hoc</strong></span> <span class='ocrx_word' id='word_1_188' title='bbox 1421 2194 1497 2231; x_wconf 89' lang='lat' dir='ltr'><strong>anno</strong></span> 
     </span>
     <span class='ocr_line' id='line_1_22' title="bbox 412 2263 1499 2336; baseline 0 -18"><span class='ocrx_word' id='word_1_189' title='bbox 412 2265 577 2336; x_wconf 89' lang='lat' dir='ltr'><strong>incepturis)</strong></span> <span class='ocrx_word' id='word_1_190' title='bbox 590 2283 719 2320; x_wconf 91' lang='lat' dir='ltr'><strong>concesse</strong></span> <span class='ocrx_word' id='word_1_191' title='bbox 736 2283 792 2320; x_wconf 89' lang='lat' dir='ltr'><strong>non</strong></span> <span class='ocrx_word' id='word_1_192' title='bbox 810 2265 954 2320; x_wconf 89' lang='lat' dir='ltr'><strong>sufficiunt</strong></span> <span class='ocrx_word' id='word_1_193' title='bbox 969 2263 1074 2318; x_wconf 86' lang='lat' dir='ltr'><strong>eisdem</strong></span> <span class='ocrx_word' id='word_1_194' title='bbox 1089 2263 1125 2319; x_wconf 86' lang='lat' dir='ltr'><strong>ed</strong></span> <span class='ocrx_word' id='word_1_195' title='bbox 1140 2271 1221 2320; x_wconf 90' lang='lat' dir='ltr'><strong>actus</strong></span> <span class='ocrx_word' id='word_1_196' title='bbox 1235 2282 1301 2320; x_wconf 90' lang='lat' dir='ltr'><strong>suos</strong></span> <span class='ocrx_word' id='word_1_197' title='bbox 1316 2265 1499 2320; x_wconf 85' lang='lat' dir='ltr'><strong>scholasticos</strong></span> 
     </span>
    </p>

    <p class='ocr_par' dir='ltr' id='par_1_4' title="bbox 387 2351 1498 2866">
     <span class='ocr_line' id='line_1_23' title="bbox 387 2351 1496 2426; baseline 0 -18"><span class='ocrx_word' id='word_1_198' title='bbox 387 2421 390 2426; x_wconf 25' lang='grc' dir='ltr'>Ι</span> <span class='ocrx_word' id='word_1_199' title='bbox 411 2353 581 2424; x_wconf 84' lang='lat' dir='ltr'><strong>peragendos</strong></span> <span class='ocrx_word' id='word_1_200' title='bbox 596 2353 689 2424; x_wconf 86' lang='lat' dir='ltr'><strong>placet</strong></span> <span class='ocrx_word' id='word_1_201' title='bbox 706 2352 785 2407; x_wconf 84' lang='lat' dir='ltr'><strong>vobis</strong></span> <span class='ocrx_word' id='word_1_202' title='bbox 801 2358 833 2406; x_wconf 89' lang='lat' dir='ltr'><strong>vt</strong></span> <span class='ocrx_word' id='word_1_203' title='bbox 850 2351 956 2407; x_wconf 90' lang='lat' dir='ltr'><strong>eisdem</strong></span> <span class='ocrx_word' id='word_1_204' title='bbox 972 2353 1056 2407; x_wconf 88' lang='lat' dir='ltr'><strong>liceat</strong></span> <span class='ocrx_word' id='word_1_205' title='bbox 1075 2359 1168 2407; x_wconf 89' lang='lat' dir='ltr'><strong>vestra</strong></span> <span class='ocrx_word' id='word_1_206' title='bbox 1186 2369 1251 2407; x_wconf 90' lang='lat' dir='ltr'><strong>cum</strong></span> <span class='ocrx_word' id='word_1_207' title='bbox 1270 2354 1353 2408; x_wconf 84' lang='lat' dir='ltr'><strong>venia</strong></span> <span class='ocrx_word' id='word_1_208' title='bbox 1369 2353 1496 2424; x_wconf 87' lang='lat' dir='ltr'><strong>disputa·</strong></span> 
     </span>
     <span class='ocr_line' id='line_1_24' title="bbox 412 2439 1498 2512; baseline 0.003 -18"><span class='ocrx_word' id='word_1_209' title='bbox 412 2441 505 2496; x_wconf 81' lang='lat' dir='ltr'><strong>aiones</strong></span> <span class='ocrx_word' id='word_1_210' title='bbox 514 2458 580 2496; x_wconf 89' lang='lat' dir='ltr'><strong>suas</strong></span> <span class='ocrx_word' id='word_1_211' title='bbox 592 2459 656 2496; x_wconf 90' lang='lat' dir='ltr'><strong>cum</strong></span> <span class='ocrx_word' id='word_1_212' title='bbox 673 2441 816 2512; x_wconf 82' lang='lat' dir='ltr'><strong>magistris</strong></span> <span class='ocrx_word' id='word_1_213' title='bbox 832 2457 961 2512; x_wconf 90' lang='lat' dir='ltr'><strong>peragere</strong></span> <span class='ocrx_word' id='word_1_214' title='bbox 977 2441 1096 2511; x_wconf 85' lang='lat' dir='ltr'><strong>singulis</strong></span> <span class='ocrx_word' id='word_1_215' title='bbox 1112 2441 1244 2511; x_wconf 77' lang='lat' dir='ltr'><strong>protestis</strong></span> <span class='ocrx_word' id='word_1_216' title='bbox 1260 2439 1360 2496; x_wconf 90' lang='lat' dir='ltr'><strong>diebus</strong></span> <span class='ocrx_word' id='word_1_217' title='bbox 1377 2439 1413 2495; x_wconf 91' lang='lat' dir='ltr'><strong>ab</strong></span> <span class='ocrx_word' id='word_1_218' title='bbox 1428 2440 1498 2497; x_wconf 91' lang='lat' dir='ltr'><strong>hora</strong></span> 
     </span>
     <span class='ocr_line' id='line_1_25' title="bbox 413 2529 1498 2605; baseline 0.003 -21"><span class='ocrx_word' id='word_1_219' title='bbox 413 2530 497 2599; x_wconf 83' lang='lat' dir='ltr'><strong>tertia</strong></span> <span class='ocrx_word' id='word_1_220' title='bbox 516 2529 552 2585; x_wconf 93' lang='lat' dir='ltr'><strong>ad</strong></span> <span class='ocrx_word' id='word_1_221' title='bbox 572 2531 701 2600; x_wconf 88' lang='lat' dir='ltr'><strong>quintam</strong></span> <span class='ocrx_word' id='word_1_222' title='bbox 721 2529 943 2601; x_wconf 84' lang='lat' dir='ltr'><strong>pomeridianam</strong></span> <span class='ocrx_word' id='word_1_223' title='bbox 964 2531 993 2584; x_wconf 89' lang='lat' dir='ltr'><strong>in</strong></span> <span class='ocrx_word' id='word_1_224' title='bbox 1014 2530 1116 2585; x_wconf 89' lang='lat' dir='ltr'><strong>scholis</strong></span> <span class='ocrx_word' id='word_1_225' title='bbox 1136 2529 1256 2602; x_wconf 90' lang='lat' dir='ltr'><strong>publicis</strong></span> <span class='ocrx_word' id='word_1_226' title='bbox 1275 2531 1316 2584; x_wconf 92' lang='lat' dir='ltr'><strong>sic</strong></span> <span class='ocrx_word' id='word_1_227' title='bbox 1335 2536 1367 2586; x_wconf 87' lang='lat' dir='ltr'><strong>vt</strong></span> <span class='ocrx_word' id='word_1_228' title='bbox 1388 2549 1498 2605; x_wconf 87' lang='lat' dir='ltr'><strong>semper</strong></span> 
     </span>
     <span class='ocr_line' id='line_1_26' title="bbox 413 2616 1498 2689; baseline 0.005 -17"><span class='ocrx_word' id='word_1_229' title='bbox 413 2636 485 2672; x_wconf 87' lang='lat' dir='ltr'><strong>vnus</strong></span> <span class='ocrx_word' id='word_1_230' title='bbox 504 2626 716 2689; x_wconf 86' lang='lat' dir='ltr'><strong>procuratorum</strong></span> <span class='ocrx_word' id='word_1_231' title='bbox 737 2618 850 2672; x_wconf 88' lang='lat' dir='ltr'><strong>intersit</strong></span> <span class='ocrx_word' id='word_1_232' title='bbox 868 2623 897 2672; x_wconf 90' lang='lat' dir='ltr'><strong>et</strong></span> <span class='ocrx_word' id='word_1_233' title='bbox 916 2635 988 2672; x_wconf 83' lang='lat' dir='ltr'><strong>vnus</strong></span> <span class='ocrx_word' id='word_1_234' title='bbox 1005 2617 1174 2673; x_wconf 90' lang='lat' dir='ltr'><strong>bedellorum</strong></span> <span class='ocrx_word' id='word_1_235' title='bbox 1192 2623 1222 2673; x_wconf 90' lang='lat' dir='ltr'><strong>et</strong></span> <span class='ocrx_word' id='word_1_236' title='bbox 1238 2616 1334 2674; x_wconf 91' lang='lat' dir='ltr'><strong>decem</strong></span> <span class='ocrx_word' id='word_1_237' title='bbox 1350 2618 1387 2675; x_wconf 89' lang='lat' dir='ltr'><strong>ad</strong></span> <span class='ocrx_word' id='word_1_238' title='bbox 1403 2621 1498 2676; x_wconf 87' lang='lat' dir='ltr'><strong>minus</strong></span> 
     </span>
     <span class='ocr_line' id='line_1_27' title="bbox 413 2704 1497 2777; baseline 0.003 -17"><span class='ocrx_word' id='word_1_239' title='bbox 413 2704 606 2761; x_wconf 86' lang='lat' dir='ltr'><strong>bacchalaurei</strong></span> <span class='ocrx_word' id='word_1_240' title='bbox 616 2707 648 2772; x_wconf 85' lang='lat' dir='ltr'><strong>in</strong></span> <span class='ocrx_word' id='word_1_241' title='bbox 661 2704 806 2761; x_wconf 89' lang='lat' dir='ltr'><strong>habitibus</strong></span> <span class='ocrx_word' id='word_1_242' title='bbox 818 2711 847 2760; x_wconf 91' lang='lat' dir='ltr'><strong>et</strong></span> <span class='ocrx_word' id='word_1_243' title='bbox 860 2705 1023 2777; x_wconf 86' lang='lat' dir='ltr'><strong>questiones</strong></span> <span class='ocrx_word' id='word_1_244' title='bbox 1040 2704 1209 2775; x_wconf 86' lang='lat' dir='ltr'><strong>disputando</strong></span> <span class='ocrx_word' id='word_1_245' title='bbox 1226 2705 1295 2761; x_wconf 88' lang='lat' dir='ltr'><strong>hora</strong></span> <span class='ocrx_word' id='word_1_246' title='bbox 1311 2712 1411 2763; x_wconf 82' lang='lat' dir='ltr'><strong>octava</strong></span> <span class='ocrx_word' id='word_1_247' title='bbox 1425 2709 1497 2763; x_wconf 87' lang='lat' dir='ltr'><strong>eius-</strong></span> 
     </span>
     <span class='ocr_line' id='line_1_28' title="bbox 412 2793 1381 2866; baseline 0.001 -17"><span class='ocrx_word' id='word_1_248' title='bbox 412 2793 476 2849; x_wconf 90' lang='lat' dir='ltr'><strong>dem</strong></span> <span class='ocrx_word' id='word_1_249' title='bbox 488 2793 544 2849; x_wconf 91' lang='lat' dir='ltr'><strong>diei</strong></span> <span class='ocrx_word' id='word_1_250' title='bbox 556 2813 613 2866; x_wconf 94' lang='lat' dir='ltr'><strong>quo</strong></span> <span class='ocrx_word' id='word_1_251' title='bbox 625 2795 781 2866; x_wconf 84' lang='lat' dir='ltr'><strong>disputatio</strong></span> <span class='ocrx_word' id='word_1_252' title='bbox 793 2794 890 2849; x_wconf 79' lang='lat' dir='ltr'><strong>futura</strong></span> <span class='ocrx_word' id='word_1_253' title='bbox 902 2799 947 2848; x_wconf 89' lang='lat' dir='ltr'><strong>est</strong></span> <span class='ocrx_word' id='word_1_254' title='bbox 959 2793 1048 2848; x_wconf 86' lang='lat' dir='ltr'><strong>valvis</strong></span> <span class='ocrx_word' id='word_1_255' title='bbox 1060 2794 1218 2850; x_wconf 87' lang='lat' dir='ltr'><strong>scholarum</strong></span> <span class='ocrx_word' id='word_1_256' title='bbox 1231 2795 1381 2866; x_wconf 86' lang='lat' dir='ltr'><strong>affigantur</strong></span> 
     </span>
    </p>

    <p class='ocr_par' dir='ltr' id='par_1_5' title="bbox 343 2883 1506 4457">
     <span class='ocr_line' id='line_1_29' title="bbox 343 2883 1500 2956; baseline 0.003 -18"><span class='ocrx_word' id='word_1_257' title='bbox 343 2883 513 2939; x_wconf 83' lang='lat' dir='ltr'><strong>Conceditur</strong></span> <span class='ocrx_word' id='word_1_258' title='bbox 525 2889 541 2938; x_wconf 78' lang='grc'><strong>5</strong></span> <span class='ocrx_word' id='word_1_259' title='bbox 553 2884 570 2939; x_wconf 85' lang='lat' dir='ltr'>J</span> <span class='ocrx_word' id='word_1_260' title='bbox 574 2884 624 2939; x_wconf 94' lang='lat' dir='ltr'><strong>ulii</strong></span> <span class='ocrx_word' id='word_1_261' title='bbox 640 2887 707 2940; x_wconf 75' lang='lat'>1587</span> <span class='ocrx_word' id='word_1_262' title='bbox 744 2883 986 2951; x_wconf 79' lang='lat' dir='ltr'><strong>Quemadmodum</strong></span> <span class='ocrx_word' id='word_1_263' title='bbox 999 2900 1017 2937; x_wconf 91' lang='lat' dir='ltr'><strong>a</strong></span> <span class='ocrx_word' id='word_1_264' title='bbox 1029 2884 1133 2939; x_wconf 82' lang='lat' dir='ltr'><strong>maiore</strong></span> <span class='ocrx_word' id='word_1_265' title='bbox 1149 2883 1261 2938; x_wconf 86' lang='lat' dir='ltr'><strong>ballivis</strong></span> <span class='ocrx_word' id='word_1_266' title='bbox 1272 2889 1302 2938; x_wconf 93' lang='lat' dir='ltr'><strong>et</strong></span> <span class='ocrx_word' id='word_1_267' title='bbox 1315 2883 1500 2956; x_wconf 79' lang='lat' dir='ltr'><strong>burgensibus</strong></span> 
     </span>
     <span class='ocr_line' id='line_1_30' title="bbox 413 2971 1498 3044; baseline 0.003 -18"><span class='ocrx_word' id='word_1_268' title='bbox 413 2971 498 3027; x_wconf 89' lang='lat' dir='ltr'><strong>huius</strong></span> <span class='ocrx_word' id='word_1_269' title='bbox 514 2972 610 3044; x_wconf 90' lang='lat' dir='ltr'><strong>oppidi</strong></span> <span class='ocrx_word' id='word_1_270' title='bbox 627 2971 866 3042; x_wconf 74' lang='lat' dir='ltr'><strong>cantabrigiensis</strong></span> <span class='ocrx_word' id='word_1_271' title='bbox 884 2971 984 3026; x_wconf 91' lang='lat' dir='ltr'><strong>multis</strong></span> <span class='ocrx_word' id='word_1_272' title='bbox 1000 2971 1120 3027; x_wconf 86' lang='lat' dir='ltr'><strong>antehac</strong></span> <span class='ocrx_word' id='word_1_273' title='bbox 1136 2971 1239 3043; x_wconf 87' lang='lat' dir='ltr'><strong>elapsis</strong></span> <span class='ocrx_word' id='word_1_274' title='bbox 1254 2972 1337 3027; x_wconf 89' lang='lat' dir='ltr'><strong>annis</strong></span> <span class='ocrx_word' id='word_1_275' title='bbox 1354 2971 1498 3029; x_wconf 89' lang='lat' dir='ltr'><strong>decretum</strong></span> 
     </span>
     <span class='ocr_line' id='line_1_31' title="bbox 413 3059 1501 3132; baseline 0.002 -17"><span class='ocrx_word' id='word_1_276' title='bbox 413 3065 443 3115; x_wconf 92' lang='lat' dir='ltr'><strong>et</strong></span> <span class='ocrx_word' id='word_1_277' title='bbox 462 3062 650 3116; x_wconf 90' lang='lat' dir='ltr'><strong>constitutum</strong></span> <span class='ocrx_word' id='word_1_278' title='bbox 670 3078 731 3116; x_wconf 89' lang='lat' dir='ltr'><strong>esee</strong></span> <span class='ocrx_word' id='word_1_279' title='bbox 752 3061 935 3132; x_wconf 90' lang='lat' dir='ltr'><strong>intelligimus</strong></span> <span class='ocrx_word' id='word_1_280' title='bbox 957 3077 992 3114; x_wconf 88' lang='lat' dir='ltr'><strong>ne</strong></span> <span class='ocrx_word' id='word_1_281' title='bbox 1014 3060 1070 3114; x_wconf 88' lang='lat' dir='ltr'><strong>vlla</strong></span> <span class='ocrx_word' id='word_1_282' title='bbox 1090 3060 1200 3115; x_wconf 88' lang='lat' dir='ltr'><strong>edificia</strong></span> <span class='ocrx_word' id='word_1_283' title='bbox 1220 3059 1318 3132; x_wconf 88' lang='lat' dir='ltr'><strong>predia</strong></span> <span class='ocrx_word' id='word_1_284' title='bbox 1338 3062 1429 3116; x_wconf 92' lang='lat' dir='ltr'><strong>officia</strong></span> <span class='ocrx_word' id='word_1_285' title='bbox 1448 3069 1501 3118; x_wconf 87' lang='lat' dir='ltr'><strong>aut</strong></span> 
     </span>
     <span class='ocr_line' id='line_1_32' title="bbox 414 3147 1498 3221; baseline 0.003 -19"><span class='ocrx_word' id='word_1_286' title='bbox 414 3149 560 3206; x_wconf 86' lang='lat' dir='ltr'><strong>commoda</strong></span> <span class='ocrx_word' id='word_1_287' title='bbox 583 3149 619 3204; x_wconf 90' lang='lat' dir='ltr'><strong>ad</strong></span> <span class='ocrx_word' id='word_1_288' title='bbox 643 3150 737 3220; x_wconf 86' lang='lat' dir='ltr'><strong>ipsum</strong></span> <span class='ocrx_word' id='word_1_289' title='bbox 761 3149 897 3221; x_wconf 92' lang='lat' dir='ltr'><strong>oppidum</strong></span> <span class='ocrx_word' id='word_1_290' title='bbox 922 3166 1035 3219; x_wconf 90' lang='lat' dir='ltr'><strong>quoquo</strong></span> <span class='ocrx_word' id='word_1_291' title='bbox 1058 3148 1140 3202; x_wconf 93' lang='lat' dir='ltr'><strong>modo</strong></span> <span class='ocrx_word' id='word_1_292' title='bbox 1160 3149 1333 3219; x_wconf 88' lang='lat' dir='ltr'><strong>pertinentia</strong></span> <span class='ocrx_word' id='word_1_293' title='bbox 1353 3147 1390 3204; x_wconf 90' lang='lat' dir='ltr'><strong>ad</strong></span> <span class='ocrx_word' id='word_1_294' title='bbox 1411 3149 1498 3205; x_wconf 77' lang='lat' dir='ltr'><strong>ullum</strong></span> 
     </span>
     <span class='ocr_line' id='line_1_33' title="bbox 414 3233 1501 3307; baseline 0.002 -18"><span class='ocrx_word' id='word_1_295' title='bbox 414 3235 501 3289; x_wconf 88' lang='lat' dir='ltr'><strong>alium</strong></span> <span class='ocrx_word' id='word_1_296' title='bbox 518 3236 725 3290; x_wconf 84' lang='lat' dir='ltr'><strong>transferantur</strong></span> <span class='ocrx_word' id='word_1_297' title='bbox 740 3236 795 3290; x_wconf 87' lang='lat' dir='ltr'><strong>nisi</strong></span> <span class='ocrx_word' id='word_1_298' title='bbox 810 3236 841 3290; x_wconf 92' lang='lat' dir='ltr'><strong>in</strong></span> <span class='ocrx_word' id='word_1_299' title='bbox 856 3233 980 3305; x_wconf 91' lang='lat' dir='ltr'><strong>aliquem</strong></span> <span class='ocrx_word' id='word_1_300' title='bbox 996 3251 1030 3289; x_wconf 87' lang='lat' dir='ltr'><strong>ex</strong></span> <span class='ocrx_word' id='word_1_301' title='bbox 1047 3233 1234 3304; x_wconf 89' lang='lat' dir='ltr'><strong>burgensibus</strong></span> <span class='ocrx_word' id='word_1_302' title='bbox 1250 3234 1335 3290; x_wconf 85' lang='lat' dir='ltr'><strong>huius</strong></span> <span class='ocrx_word' id='word_1_303' title='bbox 1353 3235 1447 3307; x_wconf 91' lang='lat' dir='ltr'><strong>oppidi</strong></span> <span class='ocrx_word' id='word_1_304' title='bbox 1465 3254 1501 3292; x_wconf 90' lang='lat' dir='ltr'><strong>ne</strong></span> 
     </span>
     <span class='ocr_line' id='line_1_34' title="bbox 415 3324 1501 3398; baseline 0.002 -19"><span class='ocrx_word' id='word_1_305' title='bbox 415 3324 549 3395; x_wconf 85' lang='lat' dir='ltr'><strong>neglectis</strong></span> <span class='ocrx_word' id='word_1_306' title='bbox 568 3325 617 3395; x_wconf 89' lang='lat' dir='ltr'><strong>qui</strong></span> <span class='ocrx_word' id='word_1_307' title='bbox 640 3329 708 3379; x_wconf 91' lang='lat' dir='ltr'><strong>sunt</strong></span> <span class='ocrx_word' id='word_1_308' title='bbox 728 3341 761 3378; x_wconf 82' lang='lat' dir='ltr'><strong>ex</strong></span> <span class='ocrx_word' id='word_1_309' title='bbox 780 3325 893 3396; x_wconf 90' lang='lat' dir='ltr'><strong>propria</strong></span> <span class='ocrx_word' id='word_1_310' title='bbox 914 3341 1010 3379; x_wconf 90' lang='lat' dir='ltr'><strong>eorum</strong></span> <span class='ocrx_word' id='word_1_311' title='bbox 1031 3324 1139 3379; x_wconf 86' lang='lat' dir='ltr'><strong>familia</strong></span> <span class='ocrx_word' id='word_1_312' title='bbox 1158 3325 1294 3379; x_wconf 84' lang='lat' dir='ltr'><strong>alieniso</strong></span> <span class='ocrx_word' id='word_1_313' title='bbox 1314 3341 1366 3380; x_wconf 89' lang='lat' dir='ltr'><strong>suo</strong></span> <span class='ocrx_word' id='word_1_314' title='bbox 1386 3343 1501 3398; x_wconf 81' lang='lat' dir='ltr'><strong>corpore</strong></span> 
     </span>
     <span class='ocr_line' id='line_1_35' title="bbox 414 3412 1502 3486; baseline 0.001 -17"><span class='ocrx_word' id='word_1_315' title='bbox 414 3413 591 3469; x_wconf 87' lang='lat' dir='ltr'><strong>consulerent</strong></span> <span class='ocrx_word' id='word_1_316' title='bbox 608 3412 657 3468; x_wconf 91' lang='lat' dir='ltr'><strong>sed</strong></span> <span class='ocrx_word' id='word_1_317' title='bbox 674 3413 769 3484; x_wconf 89' lang='lat' dir='ltr'><strong>potius</strong></span> <span class='ocrx_word' id='word_1_318' title='bbox 786 3413 913 3468; x_wconf 86' lang='lat' dir='ltr'><strong>membra</strong></span> <span class='ocrx_word' id='word_1_319' title='bbox 929 3413 1052 3485; x_wconf 88' lang='lat' dir='ltr'><strong>corporis</strong></span> <span class='ocrx_word' id='word_1_320' title='bbox 1068 3413 1112 3468; x_wconf 90' lang='lat' dir='ltr'><strong>sui</strong></span> <span class='ocrx_word' id='word_1_321' title='bbox 1129 3430 1185 3468; x_wconf 92' lang='lat' dir='ltr'><strong>non</strong></span> <span class='ocrx_word' id='word_1_322' title='bbox 1200 3414 1292 3469; x_wconf 89' lang='lat' dir='ltr'><strong>solum</strong></span> <span class='ocrx_word' id='word_1_323' title='bbox 1306 3415 1427 3486; x_wconf 90' lang='lat' dir='ltr'><strong>propriis</strong></span> <span class='ocrx_word' id='word_1_324' title='bbox 1441 3415 1502 3470; x_wconf 88' lang='lat' dir='ltr'><strong>suis</strong></span> 
     </span>
     <span class='ocr_line' id='line_1_36' title="bbox 414 3500 1502 3574; baseline 0.002 -18"><span class='ocrx_word' id='word_1_325' title='bbox 414 3501 556 3556; x_wconf 86' lang='lat' dir='ltr'><strong>beneficiis</strong></span> <span class='ocrx_word' id='word_1_326' title='bbox 572 3500 775 3572; x_wconf 88' lang='lat' dir='ltr'><strong>locupletantes</strong></span> <span class='ocrx_word' id='word_1_327' title='bbox 795 3502 844 3557; x_wconf 87' lang='lat' dir='ltr'><strong>sed</strong></span> <span class='ocrx_word' id='word_1_328' title='bbox 861 3503 948 3557; x_wconf 87' lang='lat' dir='ltr'><strong>etiam</strong></span> <span class='ocrx_word' id='word_1_329' title='bbox 965 3502 1056 3556; x_wconf 88' lang='lat' dir='ltr'><strong>multa</strong></span> <span class='ocrx_word' id='word_1_330' title='bbox 1072 3519 1161 3574; x_wconf 88' lang='lat' dir='ltr'><strong>eaque</strong></span> <span class='ocrx_word' id='word_1_331' title='bbox 1178 3503 1301 3558; x_wconf 82' lang='lat' dir='ltr'><strong>maxima</strong></span> <span class='ocrx_word' id='word_1_332' title='bbox 1315 3502 1448 3558; x_wconf 85' lang='lat' dir='ltr'><strong>beneficis</strong></span> <span class='ocrx_word' id='word_1_333' title='bbox 1464 3503 1502 3558; x_wconf 85' lang='lat' dir='ltr'><strong>ab</strong></span> 
     </span>
     <span class='ocr_line' id='line_1_37' title="bbox 415 3590 1502 3663; baseline 0.001 -16"><span class='ocrx_word' id='word_1_334' title='bbox 415 3593 477 3662; x_wconf 88' lang='lat' dir='ltr'><strong>ipsa</strong></span> <span class='ocrx_word' id='word_1_335' title='bbox 490 3590 632 3646; x_wconf 86' lang='lat' dir='ltr'><strong>academia</strong></span> <span class='ocrx_word' id='word_1_336' title='bbox 644 3595 674 3644; x_wconf 87' lang='lat' dir='ltr'><strong>et</strong></span> <span class='ocrx_word' id='word_1_337' title='bbox 686 3591 808 3662; x_wconf 87' lang='lat' dir='ltr'><strong>collegiis</strong></span> <span class='ocrx_word' id='word_1_338' title='bbox 824 3591 1009 3662; x_wconf 84' lang='lat' dir='ltr'><strong>percipientes</strong></span> <span class='ocrx_word' id='word_1_339' title='bbox 1024 3591 1146 3662; x_wconf 90' lang='lat' dir='ltr'><strong>optimos</strong></span> <span class='ocrx_word' id='word_1_340' title='bbox 1162 3608 1290 3663; x_wconf 88' lang='lat' dir='ltr'><strong>quosque</strong></span> <span class='ocrx_word' id='word_1_341' title='bbox 1307 3591 1344 3647; x_wconf 90' lang='lat' dir='ltr'><strong>ab</strong></span> <span class='ocrx_word' id='word_1_342' title='bbox 1358 3592 1502 3648; x_wconf 88' lang='lat' dir='ltr'><strong>academia</strong></span> 
     </span>
     <span class='ocr_line' id='line_1_38' title="bbox 415 3679 1502 3752; baseline -0.002 -16"><span class='ocrx_word' id='word_1_343' title='bbox 415 3679 532 3736; x_wconf 83' lang='lat' dir='ltr'><strong>deficere</strong></span> <span class='ocrx_word' id='word_1_344' title='bbox 543 3685 573 3734; x_wconf 89' lang='lat' dir='ltr'><strong>et</strong></span> <span class='ocrx_word' id='word_1_345' title='bbox 585 3681 614 3734; x_wconf 92' lang='lat' dir='ltr'><strong>in</strong></span> <span class='ocrx_word' id='word_1_346' title='bbox 627 3697 724 3735; x_wconf 73' lang='lat' dir='ltr'><strong>eonem</strong></span> <span class='ocrx_word' id='word_1_347' title='bbox 736 3681 832 3736; x_wconf 90' lang='lat' dir='ltr'><strong>album</strong></span> <span class='ocrx_word' id='word_1_348' title='bbox 845 3687 961 3752; x_wconf 88' lang='lat' dir='ltr'><strong>propter</strong></span> <span class='ocrx_word' id='word_1_349' title='bbox 976 3697 1056 3752; x_wconf 90' lang='lat' dir='ltr'><strong>spem</strong></span> <span class='ocrx_word' id='word_1_350' title='bbox 1068 3684 1098 3736; x_wconf 88' lang='lat' dir='ltr'><strong>et</strong></span> <span class='ocrx_word' id='word_1_351' title='bbox 1109 3681 1349 3752; x_wconf 84' lang='lat' dir='ltr'><strong>exspectacionem</strong></span> <span class='ocrx_word' id='word_1_352' title='bbox 1366 3679 1502 3734; x_wconf 79' lang='lat' dir='ltr'><strong>uberioris</strong></span> 
     </span>
     <span class='ocr_line' id='line_1_39' title="bbox 415 3767 1501 3840; baseline 0 -18"><span class='ocrx_word' id='word_1_353' title='bbox 415 3768 554 3823; x_wconf 90' lang='lat' dir='ltr'><strong>commodi</strong></span> <span class='ocrx_word' id='word_1_354' title='bbox 566 3769 690 3840; x_wconf 83' lang='lat' dir='ltr'><strong>cooptari</strong></span> <span class='ocrx_word' id='word_1_355' title='bbox 702 3769 811 3825; x_wconf 82' lang='lat' dir='ltr'><strong>faciunt</strong></span> <span class='ocrx_word' id='word_1_356' title='bbox 848 3769 895 3824; x_wconf 88' lang='lat' dir='ltr'><strong>lta</strong></span> <span class='ocrx_word' id='word_1_357' title='bbox 908 3769 1013 3824; x_wconf 90' lang='lat' dir='ltr'><strong>nostris</strong></span> <span class='ocrx_word' id='word_1_358' title='bbox 1027 3768 1195 3825; x_wconf 85' lang='lat' dir='ltr'><strong>academicis</strong></span> <span class='ocrx_word' id='word_1_359' title='bbox 1206 3768 1338 3840; x_wconf 86' lang='lat' dir='ltr'><strong>presidiis</strong></span> <span class='ocrx_word' id='word_1_360' title='bbox 1354 3773 1383 3824; x_wconf 90' lang='lat' dir='ltr'><strong>et</strong></span> <span class='ocrx_word' id='word_1_361' title='bbox 1399 3767 1501 3840; x_wconf 85' lang='lat' dir='ltr'><strong>opibus</strong></span> 
     </span>
     <span class='ocr_line' id='line_1_40' title="bbox 414 3855 1501 3928; baseline -0.002 -16"><span class='ocrx_word' id='word_1_362' title='bbox 414 3857 516 3912; x_wconf 88' lang='lat' dir='ltr'><strong>armati</strong></span> <span class='ocrx_word' id='word_1_363' title='bbox 530 3857 632 3911; x_wconf 79' lang='lat' dir='ltr'><strong>fortius</strong></span> <span class='ocrx_word' id='word_1_364' title='bbox 644 3855 815 3912; x_wconf 85' lang='lat' dir='ltr'><strong>academiam</strong></span> <span class='ocrx_word' id='word_1_365' title='bbox 829 3874 990 3928; x_wconf 80' lang='lat' dir='ltr'><strong>oppugnare</strong></span> <span class='ocrx_word' id='word_1_366' title='bbox 1007 3857 1102 3912; x_wconf 90' lang='lat' dir='ltr'><strong>valent</strong></span> <span class='ocrx_word' id='word_1_367' title='bbox 1119 3861 1149 3912; x_wconf 88' lang='lat' dir='ltr'><strong>et</strong></span> <span class='ocrx_word' id='word_1_368' title='bbox 1164 3857 1257 3912; x_wconf 87' lang='lat' dir='ltr'><strong>solent</strong></span> <span class='ocrx_word' id='word_1_369' title='bbox 1300 3857 1396 3912; x_wconf 88' lang='lat' dir='ltr'><strong>Placet</strong></span> <span class='ocrx_word' id='word_1_370' title='bbox 1412 3856 1501 3926; x_wconf 88' lang='lat' dir='ltr'><strong>igitur</strong></span> 
     </span>
     <span class='ocr_line' id='line_1_41' title="bbox 415 3944 1500 4016; baseline 0 -17"><span class='ocrx_word' id='word_1_371' title='bbox 415 3945 495 4000; x_wconf 86' lang='lat' dir='ltr'><strong>vobis</strong></span> <span class='ocrx_word' id='word_1_372' title='bbox 508 3950 539 3998; x_wconf 89' lang='lat' dir='ltr'><strong>vt</strong></span> <span class='ocrx_word' id='word_1_373' title='bbox 552 3963 608 3998; x_wconf 91' lang='lat' dir='ltr'><strong>non</strong></span> <span class='ocrx_word' id='word_1_374' title='bbox 621 3945 704 4000; x_wconf 88' lang='lat' dir='ltr'><strong>liceat</strong></span> <span class='ocrx_word' id='word_1_375' title='bbox 716 3945 847 4016; x_wconf 89' lang='lat' dir='ltr'><strong>deinceps</strong></span> <span class='ocrx_word' id='word_1_376' title='bbox 859 3944 943 4000; x_wconf 88' lang='lat' dir='ltr'><strong>alicui</strong></span> <span class='ocrx_word' id='word_1_377' title='bbox 955 3945 1075 4001; x_wconf 88' lang='lat' dir='ltr'><strong>scholari</strong></span> <span class='ocrx_word' id='word_1_378' title='bbox 1085 3946 1170 4001; x_wconf 91' lang='lat' dir='ltr'><strong>huius</strong></span> <span class='ocrx_word' id='word_1_379' title='bbox 1178 3944 1321 4000; x_wconf 87' lang='lat' dir='ltr'><strong>academie</strong></span> <span class='ocrx_word' id='word_1_380' title='bbox 1329 3944 1389 4000; x_wconf 84' lang='lat' dir='ltr'><strong>sive</strong></span> <span class='ocrx_word' id='word_1_381' title='bbox 1398 3944 1500 4014; x_wconf 85' lang='lat' dir='ltr'><strong>magis·</strong></span> 
     </span>
     <span class='ocr_line' id='line_1_42' title="bbox 416 4031 1500 4104; baseline 0 -18"><span class='ocrx_word' id='word_1_382' title='bbox 416 4038 460 4086; x_wconf 91' lang='lat' dir='ltr'><strong>tro</strong></span> <span class='ocrx_word' id='word_1_383' title='bbox 472 4033 531 4087; x_wconf 87' lang='lat' dir='ltr'><strong>sive</strong></span> <span class='ocrx_word' id='word_1_384' title='bbox 543 4032 618 4086; x_wconf 91' lang='lat' dir='ltr'><strong>socio</strong></span> <span class='ocrx_word' id='word_1_385' title='bbox 633 4032 751 4087; x_wconf 89' lang='lat' dir='ltr'><strong>alicuius</strong></span> <span class='ocrx_word' id='word_1_386' title='bbox 765 4032 872 4102; x_wconf 91' lang='lat' dir='ltr'><strong>collegii</strong></span> <span class='ocrx_word' id='word_1_387' title='bbox 889 4032 952 4088; x_wconf 90' lang='lat' dir='ltr'><strong>aule</strong></span> <span class='ocrx_word' id='word_1_388' title='bbox 967 4033 1067 4088; x_wconf 90' lang='lat' dir='ltr'><strong>domus</strong></span> <span class='ocrx_word' id='word_1_389' title='bbox 1083 4033 1128 4088; x_wconf 87' lang='lat' dir='ltr'><strong>vel</strong></span> <span class='ocrx_word' id='word_1_390' title='bbox 1142 4033 1258 4104; x_wconf 87' lang='lat' dir='ltr'><strong>hospitii</strong></span> <span class='ocrx_word' id='word_1_391' title='bbox 1275 4032 1334 4088; x_wconf 88' lang='lat' dir='ltr'><strong>sive</strong></span> <span class='ocrx_word' id='word_1_392' title='bbox 1350 4031 1398 4088; x_wconf 90' lang='lat' dir='ltr'><strong>alii</strong></span> <span class='ocrx_word' id='word_1_393' title='bbox 1415 4031 1500 4086; x_wconf 86' lang='lat' dir='ltr'><strong>alicui</strong></span> 
     </span>
     <span class='ocr_line' id='line_1_43' title="bbox 415 4119 1501 4191; baseline -0.001 -16"><span class='ocrx_word' id='word_1_394' title='bbox 415 4121 535 4175; x_wconf 83' lang='lat' dir='ltr'><strong>scholari</strong></span> <span class='ocrx_word' id='word_1_395' title='bbox 553 4137 602 4174; x_wconf 87' lang='lat' dir='ltr'><strong>seu</strong></span> <span class='ocrx_word' id='word_1_396' title='bbox 624 4121 769 4191; x_wconf 86' lang='lat' dir='ltr'><strong>privilegio</strong></span> <span class='ocrx_word' id='word_1_397' title='bbox 787 4119 902 4175; x_wconf 90' lang='lat' dir='ltr'><strong>scolaris</strong></span> <span class='ocrx_word' id='word_1_398' title='bbox 920 4120 1053 4190; x_wconf 85' lang='lat' dir='ltr'><strong>gaudenti</strong></span> <span class='ocrx_word' id='word_1_399' title='bbox 1072 4120 1181 4191; x_wconf 89' lang='lat' dir='ltr'><strong>aliquas</strong></span> <span class='ocrx_word' id='word_1_400' title='bbox 1199 4127 1290 4176; x_wconf 87' lang='lat' dir='ltr'><strong>terras</strong></span> <span class='ocrx_word' id='word_1_401' title='bbox 1307 4119 1405 4175; x_wconf 90' lang='lat' dir='ltr'><strong>domos</strong></span> <span class='ocrx_word' id='word_1_402' title='bbox 1423 4123 1501 4175; x_wconf 91' lang='lat' dir='ltr'><strong>tene·</strong></span> 
     </span>
     <span class='ocr_line' id='line_1_44' title="bbox 414 4207 1502 4278; baseline -0.003 -14"><span class='ocrx_word' id='word_1_403' title='bbox 414 4212 510 4264; x_wconf 89' lang='lat' dir='ltr'><strong>menta</strong></span> <span class='ocrx_word' id='word_1_404' title='bbox 524 4209 584 4263; x_wconf 89' lang='lat' dir='ltr'><strong>sive</strong></span> <span class='ocrx_word' id='word_1_405' title='bbox 598 4208 689 4262; x_wconf 87' lang='lat' dir='ltr'><strong>officia</strong></span> <span class='ocrx_word' id='word_1_406' title='bbox 704 4207 740 4263; x_wconf 86' lang='lat' dir='ltr'><strong>ad</strong></span> <span class='ocrx_word' id='word_1_407' title='bbox 757 4207 930 4264; x_wconf 87' lang='lat' dir='ltr'><strong>academiam</strong></span> <span class='ocrx_word' id='word_1_408' title='bbox 947 4207 1062 4278; x_wconf 88' lang='lat' dir='ltr'><strong>collegia</strong></span> <span class='ocrx_word' id='word_1_409' title='bbox 1077 4207 1169 4263; x_wconf 89' lang='lat' dir='ltr'><strong>dictos</strong></span> <span class='ocrx_word' id='word_1_410' title='bbox 1186 4208 1326 4264; x_wconf 85' lang='lat' dir='ltr'><strong>scholares</strong></span> <span class='ocrx_word' id='word_1_411' title='bbox 1346 4207 1502 4262; x_wconf 81' lang='lat' dir='ltr'><strong>servientes</strong></span> 
     </span>
     <span class='ocr_line' id='line_1_45' title="bbox 414 4295 1502 4368; baseline -0.002 -16"><span class='ocrx_word' id='word_1_412' title='bbox 414 4297 459 4352; x_wconf 85' lang='lat' dir='ltr'><strong>vel</strong></span> <span class='ocrx_word' id='word_1_413' title='bbox 475 4297 609 4351; x_wconf 81' lang='lat' dir='ltr'><strong>scholaris</strong></span> <span class='ocrx_word' id='word_1_414' title='bbox 625 4297 770 4367; x_wconf 91' lang='lat' dir='ltr'><strong>privilegio</strong></span> <span class='ocrx_word' id='word_1_415' title='bbox 787 4298 941 4368; x_wconf 87' lang='lat' dir='ltr'><strong>gaudentes</strong></span> <span class='ocrx_word' id='word_1_416' title='bbox 956 4315 1006 4351; x_wconf 85' lang='lat' dir='ltr'><strong>eeu</strong></span> <span class='ocrx_word' id='word_1_417' title='bbox 1022 4297 1059 4352; x_wconf 91' lang='lat' dir='ltr'><strong>ad</strong></span> <span class='ocrx_word' id='word_1_418' title='bbox 1075 4314 1172 4351; x_wconf 89' lang='lat' dir='ltr'><strong>eorum</strong></span> <span class='ocrx_word' id='word_1_419' title='bbox 1188 4296 1312 4367; x_wconf 88' lang='lat' dir='ltr'><strong>aliquem</strong></span> <span class='ocrx_word' id='word_1_420' title='bbox 1329 4295 1502 4367; x_wconf 86' lang='lat' dir='ltr'><strong>pertinentia</strong></span> 
     </span>
     <span class='ocr_line' id='line_1_46' title="bbox 415 4382 1506 4457; baseline 0 -17"><span class='ocrx_word' id='word_1_421' title='bbox 415 4385 497 4440; x_wconf 91' lang='lat' dir='ltr'><strong>alicui</strong></span> <span class='ocrx_word' id='word_1_422' title='bbox 520 4385 618 4439; x_wconf 89' lang='lat' dir='ltr'><strong>maiori</strong></span> <span class='ocrx_word' id='word_1_423' title='bbox 636 4383 739 4439; x_wconf 86' lang='lat' dir='ltr'><strong>ballivo</strong></span> <span class='ocrx_word' id='word_1_424' title='bbox 758 4385 803 4440; x_wconf 87' lang='lat' dir='ltr'><strong>vel</strong></span> <span class='ocrx_word' id='word_1_425' title='bbox 822 4383 953 4456; x_wconf 85' lang='lat' dir='ltr'><strong>burgensi</strong></span> <span class='ocrx_word' id='word_1_426' title='bbox 971 4385 1056 4440; x_wconf 89' lang='lat' dir='ltr'><strong>huius</strong></span> <span class='ocrx_word' id='word_1_427' title='bbox 1072 4384 1167 4457; x_wconf 90' lang='lat' dir='ltr'><strong>oppidi</strong></span> <span class='ocrx_word' id='word_1_428' title='bbox 1186 4383 1364 4455; x_wconf 78' lang='lat' dir='ltr'><strong>(lantebrigio</strong></span> <span class='ocrx_word' id='word_1_429' title='bbox 1381 4382 1506 4440; x_wconf 88' lang='lat' dir='ltr'><strong>mediate</strong></span> 
     </span>
    </p>
   </div>
   <div class='ocr_carea' id='block_1_3' title="bbox 0 0 1713 5122">
    <p class='ocr_par' dir='ltr' id='par_1_6' title="bbox 0 0 1713 5122">
     <span class='ocr_line' id='line_1_47' title="bbox 0 0 1713 5122; baseline 0 0"><span class='ocrx_word' id='word_1_430' title='bbox 0 0 1713 5122; x_wconf 95' lang='lat' dir='ltr'><strong> </strong></span> 
     </span>
    </p>
   </div>
  </div>
 </body>
</html>
