3344 5110
155 351 323 436 1543-44]
587 366 700 416 onnon
723 365 815 415 noos
838 363 861 416 Δ

449 792 561 859 Gratia
584 791 672 859 varie
695 799 730 859 et
750 791 1007 880 dispensationes

144 960 183 1016 In
204 961 304 1032 primis
320 960 483 1018 comeditur
499 962 608 1019 doctori
625 963 726 1034 Taylcr
741 964 884 1035 preposito
903 963 1011 1034 collegii
1031 962 1049 1018 J
1051 962 1152 1018 oannis
1170 965 1203 1016 vt
1218 959 1308 1032 possit

219 1066 314 1132 regere
333 1052 365 1103 et
383 1066 439 1104 non
456 1067 550 1121 regere
575 1050 611 1106 ad
636 1051 772 1122 placitum
791 1051 832 1106 sio
849 1051 925 1123 quod
945 1051 1039 1108 soluat
1060 1047 1239 1106 vniuersitati
1261 1057 1308 1104 xx·

225 1140 292 1190 ante
310 1136 421 1191 finitam
438 1139 681 1209 congregationem

150 1225 227 1280 Item
244 1225 407 1280 conceditur
424 1229 456 1279 vt
472 1225 533 1280 dies
550 1226 617 1280 lune
632 1227 777 1296 proximus
794 1227 834 1282 sit
853 1225 1034 1298 disputabilis
1051 1225 1112 1280 loco
1127 1229 1157 1279 et
1176 1225 1235 1280 vice
1252 1223 1308 1279 diei

221 1311 338 1367 Veneris
349 1313 400 1384 qui
412 1313 624 1384 processionalis
639 1314 694 1368 erit
725 1314 771 1370 Its
787 1318 819 1369 vt
833 1318 893 1371 tam
911 1315 1044 1384 magister
1051 1312 1247 1384 disputatums
1262 1310 1309 1367 die

221 1399 340 1455 Veneris
351 1417 438 1471 quam
456 1399 672 1456 bacchalaureus
689 1417 875 1472 responsurus
892 1401 1021 1473 disputst
1037 1405 1067 1456 et
1083 1399 1252 1472 respondeat
1263 1399 1309 1455 die

222 1488 288 1544 luna

149 1575 226 1632 Item
245 1577 408 1633 comeditur
421 1580 453 1631 vt
470 1577 568 1632 doctor
584 1577 688 1649 Blythe
705 1579 833 1650 magistri
852 1578 1024 1650 Swynborne
1041 1583 1071 1633 et
1090 1576 1184 1648 Palley
1198 1575 1309 1648 possint
1377 1579 1380 1584 '

222 1681 283 1719 esse
295 1663 401 1719 iudices
413 1665 443 1720 in
455 1681 541 1720 causa
556 1663 756 1737 appellationis
771 1666 846 1722 intsr
864 1666 1009 1722 dominum
1028 1665 1166 1720 Thomam
1178 1663 1309 1735 Boynton

221 1755 251 1805 et
263 1751 400 1806 Thomam
410 1749 542 1822 Haryson
554 1752 595 1806 ita
607 1752 682 1822 quod
694 1754 866 1809 sententiam
878 1755 971 1810 ferant
983 1752 1166 1808 citrofeetum
1179 1750 1308 1806 Nicholai

221 1839 381 1910 proximum
397 1838 437 1893 sic
451 1837 526 1910 quod
546 1838 681 1910 quicquid
696 1841 786 1895 maior
804 1859 870 1912 pars
885 1841 986 1897 horum
1003 1839 1158 1896 decreuerit
1175 1856 1227 1910 pro
1246 1843 1309 1893 rato

222 1924 360 1981 habeatur

148 2015 226 2070 Item
243 2015 404 2070 conceditur
421 2019 453 2070 vt
470 2016 587 2086 exequie
604 2014 769 2072 celebrande
787 2017 817 2072 in
838 2017 952 2088 collegio
971 2015 1077 2072 Christi
1097 2015 1143 2071 die
1161 2015 1309 2070 Dominico

223 2108 290 2159 anto
308 2103 453 2159 commitis
472 2104 584 2176 possint
600 2104 733 2160 celebrari
753 2105 799 2160 dis
818 2105 909 2160 saboti
928 2106 991 2176 (sic)
1005 2103 1131 2176 proxime
1147 2103 1309 2175 precedenti

223 2209 279 2246 non
298 2191 429 2247 obstante
447 2197 557 2247 statuto

149 2277 228 2331 Item
240 2275 402 2331 conceditur
414 2277 549 2347 magistro
562 2277 646 2348 Odyll
666 2280 697 2331 vt
716 2277 835 2334 variatio
850 2276 886 2332 ad
902 2293 989 2348 quam
1001 2278 1115 2329 tenetur
1126 2279 1192 2329 ante
1204 2274 1310 2329 festum

223 2362 384 2419 natiuitatis
400 2361 507 2420 Christi
525 2363 579 2419 sub
596 2381 669 2436 pena
683 2373 729 2419 xx⁸
743 2365 812 2436 quia
828 2363 906 2419 nulla
923 2364 1021 2418 futura
1038 2365 1083 2417 est
1099 2361 1256 2434 disputatio
1279 2362 1309 2418 in

222 2450 331 2506 artibus
353 2451 443 2523 possit
461 2451 567 2507 differri
591 2453 634 2507 ita
654 2455 686 2507 vt
710 2453 872 2525 perficiatur
890 2455 958 2507 ante
981 2449 1166 2506 cessationem
1189 2448 1308 2521 proximi

223 2541 336 2596 termini
354 2540 408 2596 sub
425 2558 498 2612 pena
515 2542 670 2613 prescripta

148 2627 258 2684 Eadem
275 2628 367 2699 grstia
383 2628 546 2684 conceditur
561 2629 697 2700 magistro
718 2629 797 2684 Wast
815 2627 1035 2684 Pambrochiano

148 2714 227 2770 Item
241 2713 403 2770 conceditur
418 2719 450 2770 vt
467 2715 599 2772 dominus
613 2716 856 2771 vicecancellarius
874 2733 972 2770 omnes
991 2713 1167 2784 collegiorum
1186 2712 1311 2792 presides

222 2807 252 2859 et
262 2804 391 2860 doctores
403 2805 512 2876 possint
524 2805 655 2876 prcfinire
667 2810 808 2876 quantum
820 2803 937 2875 pecunie
953 2800 1117 2856 achademia
1129 2799 1310 2856 mutuabitur

221 2909 254 2947 ex
269 2892 349 2948 cistis
361 2893 463 2948 vestris
480 2891 516 2948 ad
528 2899 618 2948 terres
635 2891 768 2947 emendas
785 2897 815 2947 et
829 2909 887 2963 qua
900 2890 960 2961 lege
975 2896 1026 2945 aut
1042 2890 1157 2960 pignore
1174 2893 1204 2943 et
1221 2905 1309 2958 quan-

223 2985 285 3035 tum
303 2981 455 3036 fundorum
472 2985 582 3036 emetur
600 2999 650 3052 pro
667 2979 831 3036 achademia
851 2983 881 3034 et
898 2978 948 3049 qui
963 2976 1042 3032 frundi
1061 2981 1090 3031 st
1108 2994 1159 3048 per
1179 2991 1250 3046 quos
1269 2976 1310 3031 sic

223 3073 256 3123 vt
267 3068 401 3139 quicquid
414 3068 455 3122 hii
467 3087 519 3124 suo
531 3086 670 3124 consensu
682 3068 858 3124 decreuerint
869 3068 899 3122 in
912 3072 974 3121 tote
986 3067 1042 3121 ista
1054 3083 1084 3120 re
1096 3066 1131 3120 de
1140 3063 1311 3137 providendo

223 3155 317 3226 aliquo
338 3174 433 3212 annuo
452 3155 565 3212 redditu
586 3156 654 3211 huic
674 3155 836 3211 achademie
857 3173 908 3227 pro
929 3157 1023 3209 vestro
1041 3153 1131 3208 totius
1149 3150 1311 3207 achademie

222 3261 360 3300 consensu
381 3251 411 3300 ct
436 3245 548 3300 decreto
567 3243 705 3300 habeatur
729 3245 770 3298 ite
791 3247 886 3299 tamen
906 3247 938 3297 vt
962 3241 1040 3296 nulla
1057 3239 1176 3312 pecunia
1192 3239 1311 3294 tollatur

222 3334 352 3388 orcistis
369 3333 535 3405 priusquam
557 3338 733 3388 transactum
751 3333 790 3388 sit
807 3332 843 3389 de
860 3329 1004 3402 emptione
1022 3333 1161 3384 terrarum
1180 3331 1211 3383 et
1230 3326 1309 3383 vobis

222 3423 405 3477 renunciatur

152 3509 228 3565 Item
240 3511 402 3567 conceditur
418 3518 451 3567 vt
467 3512 519 3567 hoo
535 3529 610 3567 anno
626 3510 842 3567 determinaturi
860 3507 971 3580 possint
987 3504 1153 3590 respondere
1167 3504 1309 3575 questioni

222 3603 286 3668 post
297 3599 402 3654 festum
415 3599 621 3654 Purificationis
632 3616 689 3654 uon
701 3597 833 3653 obstante
845 3599 954 3651 statuto

153 3683 228 3738 ltcm
246 3684 408 3741 conceditur
424 3691 456 3741 vt
472 3685 642 3741 admittendi
657 3686 688 3740 in
700 3683 840 3754 theologis
853 3683 906 3737 hoc
924 3687 1050 3752 tempore
1067 3678 1182 3734 admitti
1199 3679 1310 3750 possint

222 3790 272 3844 per
284 3790 371 3829 vnum
383 3774 413 3829 in
425 3774 564 3845 theologia
575 3774 718 3830 doctorem
731 3773 756 3828 si
768 3773 854 3828 ceteri
866 3788 916 3843 per
932 3769 1127 3825 Infirmitatem
1142 3766 1240 3822 adesse
1252 3785 1308 3822 non

222 3860 333 3930 possint

153 3946 227 4002 Item
247 3947 410 4004 conceditur
421 3955 454 4004 vt
470 3948 601 4005 dominus
617 3945 859 4004 vicecancellarius
876 3943 1001 4016 presides
1019 3942 1196 4013 collegiorum
1214 3958 1311 3996 omnes

224 4036 267 4090 vel
285 4054 381 4091 eorum
397 4035 548 4092 substituti
563 4054 619 4091 vna
637 4053 701 4091 cum
720 4031 948 4106 procuratoribus
966 4028 1090 4085 habeant
1107 4028 1309 4083 authoritatem

222 4123 364 4180 limitandi
377 4123 491 4180 modum
504 4130 534 4180 et
545 4126 665 4180 formam
677 4123 782 4194 quibus
793 4137 891 4177 omnes
902 4119 1064 4190 quicunque
1080 4116 1310 4172 scholasticorum

222 4213 376 4284 priuilegiis
388 4214 511 4284 gauisuri
524 4217 593 4269 sunt
604 4217 635 4269 et
646 4213 783 4268 hactonus
795 4228 852 4265 non
864 4214 933 4264 sunt
945 4207 1031 4262 iurati
1043 4204 1204 4260 achademie
1220 4221 1310 4275 neque

222 4300 394 4356 matriculati
419 4300 540 4356 debeant
556 4301 653 4372 jurare
673 4303 703 4354 et
723 4297 896 4352 matriculari
921 4301 951 4350 et
974 4300 1114 4366 quantum
1135 4308 1187 4363 pro
1206 4292 1261 4346 ista
1280 4307 1310 4352 ro

223 4387 344 4444 debeant
360 4389 468 4444 soluere
486 4393 516 4444 et
533 4387 674 4460 quomodo
686 4393 716 4444 et
727 4385 863 4458 quicquid
880 4385 920 4440 hii
937 4399 1034 4439 omnes
1049 4385 1100 4436 aut
1114 4381 1203 4435 maior
1214 4397 1310 4435 sorum

1150 4488 1229 4546 2-2
