3378 5126
774 335 888 386 ealce
913 337 1003 388 soor
1027 338 1049 386 a
1322 320 1489 408 [1584-85

694 743 783 810 Ordo
805 743 1003 810 senioritatie
1026 767 1127 830 marg.

811 935 845 990 D.
866 934 1008 990 Hiokman

809 1023 844 1077 D.
864 1022 985 1078 Hudeon

674 1411 907 1478 Baoohalaurei
931 1411 966 1477 in
990 1412 1154 1498 theologia

332 1601 503 1658 Conseditur
516 1606 546 1657 3⁰
559 1600 639 1656 Juuii
657 1601 779 1656 Roberto
795 1601 901 1673 Sparke
919 1605 950 1655 vt
969 1601 1097 1657 studium
1114 1620 1132 1655 x
1149 1619 1287 1656 annorum
1304 1602 1334 1656 in
1350 1600 1491 1671 theologia

401 1695 466 1761 post
478 1690 601 1760 primum
613 1691 675 1745 eius
683 1689 838 1745 adventum
850 1689 886 1744 ad
898 1690 1072 1745 academiam
1084 1707 1149 1745 eum
1162 1690 1293 1745 omnibus
1306 1689 1490 1762 oppositioni-

402 1777 454 1832 bus
466 1777 694 1848 responsionibus
705 1777 824 1849 aliisque
836 1779 977 1832 exercitiis
989 1795 1040 1849 per
1051 1780 1162 1833 statuta
1174 1777 1319 1850 requisitis
1330 1777 1452 1834 sufficiat
1463 1779 1490 1832 ei

402 1870 461 1919 tam
473 1863 510 1919 ad
522 1864 721 1936 opponendum
734 1882 820 1936 quam
832 1864 869 1920 ad
882 1865 1046 1920 intrandum
1056 1865 1086 1919 in
1099 1881 1179 1919 sacra
1190 1864 1330 1934 theologia

332 1952 501 2008 Gonoeditur
512 1952 610 2008 eodem
621 1952 639 2007 J
641 1971 663 2008 o.
680 1953 813 2008 Bullooke
825 1958 857 2008 vt
870 1952 998 2007 studium
1016 1955 1031 2008 7
1049 1969 1189 2007 annorum
1205 1952 1236 2006 in
1252 1951 1393 2023 theologia
1410 1956 1490 2023 post·

402 2059 489 2113 quam
501 2041 603 2096 rexerit
618 2041 647 2096 iu
662 2042 772 2097 artius
789 2059 854 2097 cum
870 2040 1003 2096 omnibus
1019 2040 1245 2113 oppositionibus
1261 2039 1490 2111 responsionibus

401 2128 578 2184 sermonibus
594 2131 751 2200 caterisque
766 2131 906 2185 exercitiis
923 2148 973 2201 per
988 2134 1099 2184 statuta
1115 2129 1191 2199 regia
1207 2129 1352 2199 requisitis
1368 2128 1491 2183 sufficiat

402 2219 428 2272 ei
440 2223 501 2273 tam
510 2217 546 2272 ad
557 2218 754 2290 opponendum
764 2236 850 2290 quam
860 2217 895 2273 ad
905 2218 1069 2273 intrandum
1080 2218 1109 2273 in
1119 2235 1199 2272 saera
1208 2217 1346 2288 theologia
1382 2215 1488 2272 Eadem

402 2307 494 2377 gratia
510 2307 674 2362 oonoeditur
690 2306 709 2378 ij
728 2307 808 2362 lunii
827 2307 896 2362 Tho.
915 2307 980 2361 Dixi
1017 2310 1051 2360 22
1070 2305 1149 2360 Junii
1169 2305 1318 2361 Ianoeloto
1337 2305 1491 2360 Androwes

403 2395 502 2451 Carolo
517 2396 614 2451 Home
630 2397 647 2452 J
650 2415 673 2453 ο.
688 2396 834 2468 Ohapman
852 2396 928 2452 Edw.
947 2397 1049 2451 Garret
1066 2396 1206 2451 Willelmo
1225 2396 1316 2451 Pelset
1364 2398 1398 2450 26
1410 2395 1428 2450 J
1430 2396 1491 2450 unii

404 2483 526 2539 Roberto
547 2484 723 2541 Williamson
749 2485 871 2541 Roberto
893 2485 1006 2556 Wright
1030 2485 1120 2556 primo
1142 2483 1211 2540 Julii
1233 2483 1372 2538 Willelmo
1394 2483 1492 2556 Baylie

404 2574 483 2630 Geor.
498 2573 625 2646 Higgyne
637 2581 667 2629 et
679 2573 725 2646 ij⁶0
737 2574 755 2629 J
758 2575 807 2629 ulii
821 2573 969 2646 Radulpho
982 2573 1156 2646 Tayleboyee

692 2958 781 3024 Ordo
803 2958 1002 3023 senioritatis
1024 2981 1126 3044 marg.

543 3147 609 3202 Dixi
822 3147 955 3219 Taylbois
1139 3146 1235 3217 Baylie

544 3236 640 3291 Home
821 3236 922 3290 Garret
1138 3233 1292 3289 Andrewee

544 3324 638 3378 Pelset
821 3321 997 3378 Williamson
1140 3321 1253 3393 Wright

543 3411 676 3466 Bullocke
824 3411 949 3481 Higgens
1142 3409 1249 3481 Sparke

543 3500 691 3571 Ohapman

709 3847 866 3914 Doctores
889 3849 924 3912 in
946 3848 1113 3935 theologia

330 4037 500 4094 Coneeditur
512 4042 542 4093 2⁰
553 4037 661 4110 Aprilis
673 4037 807 4108 magistro
820 4035 940 4090 Rioardo
955 4035 1088 4090 Banorolt
1105 4040 1138 4090 vt
1154 4034 1282 4090 studium
1301 4039 1333 4089 12
1350 4053 1489 4092 annorum

401 4127 430 4181 in
443 4125 581 4197 theologia
595 4130 747 4196 postquam
762 4125 865 4179 rexerit
880 4125 909 4178 in
926 4122 1036 4178 artibus
1052 4141 1117 4178 oum
1134 4122 1359 4194 oppositionibus
1376 4141 1489 4196 respon-

401 4213 528 4270 sionibus
551 4211 726 4268 sermonibus
748 4219 778 4268 et
798 4211 862 4266 aliis
883 4211 1023 4266 exercitiis
1044 4229 1094 4282 per
1117 4215 1228 4266 statuta
1248 4213 1325 4282 regia
1346 4213 1491 4284 requisitis

401 4304 524 4359 sufficiat
535 4301 607 4357 eiad
620 4301 811 4372 incipiendum
824 4301 852 4356 in
866 4317 945 4356 saera
957 4300 1097 4371 theologia
1133 4300 1239 4355 Eadem
1256 4302 1348 4371 gratia
1363 4301 1489 4358 coneedi-

402 4399 451 4448 tur
464 4397 492 4448 ll
509 4391 527 4446 J
529 4391 588 4446 unii
601 4391 735 4462 magistro
747 4390 815 4446 Tho.
830 4389 952 4446 Stallaid
964 4407 1028 4444 oum
1041 4389 1137 4446 studio
1149 4390 1249 4461 xiiijen
1261 4408 1400 4447 annorum
