<?xml version="1.0" encoding="UTF-8"?>
<!DOCTYPE html PUBLIC "-//W3C//DTD XHTML 1.0 Transitional//EN"
    "http://www.w3.org/TR/xhtml1/DTD/xhtml1-transitional.dtd">
<html xmlns="http://www.w3.org/1999/xhtml" xml:lang="en" lang="en">
 <head>
  <title>
</title>
<meta http-equiv="Content-Type" content="text/html;charset=utf-8" />
  <meta name='ocr-system' content='tesseract 3.04.00' />
  <meta name='ocr-capabilities' content='ocr_page ocr_carea ocr_par ocr_line ocrx_word'/>
</head>
<body>
  <div class='ocr_page' id='page_1' title='image "./gracebookgreekl00venngoog_0240.png"; bbox 0 0 3394 5114; ppageno 0'>
   <div class='ocr_carea' id='block_1_1' title="bbox 186 343 1344 434">
    <p class='ocr_par' dir='ltr' id='par_1_1' title="bbox 186 343 1344 434">
     <span class='ocr_line' id='line_1_1' title="bbox 186 343 1344 434; baseline -0.005 -20"><span class='ocrx_word' id='word_1_1' title='bbox 186 347 351 434; x_wconf 80' lang='grc'><strong>1566-67]</strong></span> <span class='ocrx_word' id='word_1_2' title='bbox 623 361 738 412; x_wconf 80' lang='lat' dir='ltr'><strong>esaon</strong></span> <span class='ocrx_word' id='word_1_3' title='bbox 760 363 853 412; x_wconf 80' lang='lat' dir='ltr'><strong>soon</strong></span> <span class='ocrx_word' id='word_1_4' title='bbox 876 363 900 411; x_wconf 82' lang='lat' dir='ltr'><strong>a</strong></span> <span class='ocrx_word' id='word_1_5' title='bbox 1281 343 1344 408; x_wconf 78' lang='lat'><strong>20⁷</strong></span> 
     </span>
    </p>
   </div>
   <div class='ocr_carea' id='block_1_2' title="bbox 159 515 1472 4428">
    <p class='ocr_par' dir='ltr' id='par_1_2' title="bbox 256 515 1447 1289">
     <span class='ocr_line' id='line_1_2' title="bbox 256 515 1346 590; baseline -0.005 -16"><span class='ocrx_word' id='word_1_6' title='bbox 256 518 347 590; x_wconf 88' lang='lat' dir='ltr'><strong>gratia</strong></span> <span class='ocrx_word' id='word_1_7' title='bbox 359 517 522 574; x_wconf 87' lang='lat' dir='ltr'><strong>oonoeditur</strong></span> <span class='ocrx_word' id='word_1_8' title='bbox 533 517 632 572; x_wconf 89' lang='lat' dir='ltr'><strong>eodem</strong></span> <span class='ocrx_word' id='word_1_9' title='bbox 647 518 863 589; x_wconf 80' lang='lat' dir='ltr'><strong>prooanoellario</strong></span> <span class='ocrx_word' id='word_1_10' title='bbox 879 517 993 573; x_wconf 79' lang='lat' dir='ltr'><strong>doctore</strong></span> <span class='ocrx_word' id='word_1_11' title='bbox 1010 518 1112 574; x_wconf 84' lang='lat' dir='ltr'><strong>Stokes</strong></span> <span class='ocrx_word' id='word_1_12' title='bbox 1129 515 1234 572; x_wconf 87' lang='lat' dir='ltr'><strong>Robert</strong></span> <span class='ocrx_word' id='word_1_13' title='bbox 1248 517 1346 570; x_wconf 80' lang='lat' dir='ltr'><strong>&#39;lower</strong></span> 
     </span>
     <span class='ocr_line' id='line_1_3' title="bbox 257 603 1346 677; baseline -0.004 -16"><span class='ocrx_word' id='word_1_14' title='bbox 257 611 288 661; x_wconf 87' lang='lat' dir='ltr'><strong>et</strong></span> <span class='ocrx_word' id='word_1_15' title='bbox 309 605 391 661; x_wconf 78' lang='lat' dir='ltr'><strong>Edm.</strong></span> <span class='ocrx_word' id='word_1_16' title='bbox 415 606 541 676; x_wconf 81' lang='lat' dir='ltr'><strong>Bokerey</strong></span> <span class='ocrx_word' id='word_1_17' title='bbox 562 605 592 660; x_wconf 91' lang='lat' dir='ltr'><strong>in</strong></span> <span class='ocrx_word' id='word_1_18' title='bbox 616 604 727 661; x_wconf 85' lang='lat' dir='ltr'><strong>artibus</strong></span> <span class='ocrx_word' id='word_1_19' title='bbox 749 606 894 677; x_wconf 74' lang='lat' dir='ltr'>magistris</span> <span class='ocrx_word' id='word_1_20' title='bbox 939 605 1044 661; x_wconf 85' lang='lat' dir='ltr'><strong>Eadem</strong></span> <span class='ocrx_word' id='word_1_21' title='bbox 1068 605 1159 676; x_wconf 82' lang='lat' dir='ltr'><strong>gratio</strong></span> <span class='ocrx_word' id='word_1_22' title='bbox 1183 603 1346 659; x_wconf 86' lang='lat' dir='ltr'><strong>oonoeditur</strong></span> 
     </span>
     <span class='ocr_line' id='line_1_4' title="bbox 260 688 1345 762; baseline -0.003 -15"><span class='ocrx_word' id='word_1_23' title='bbox 260 698 292 747; x_wconf 82' lang='lat'><strong>15</strong></span> <span class='ocrx_word' id='word_1_24' title='bbox 306 691 474 748; x_wconf 85' lang='lat' dir='ltr'><strong>Novembris</strong></span> <span class='ocrx_word' id='word_1_25' title='bbox 488 691 703 762; x_wconf 84' lang='lat' dir='ltr'><strong>prooanoellario</strong></span> <span class='ocrx_word' id='word_1_26' title='bbox 720 692 854 762; x_wconf 86' lang='lat' dir='ltr'><strong>magistro</strong></span> <span class='ocrx_word' id='word_1_27' title='bbox 869 691 983 746; x_wconf 89' lang='lat' dir='ltr'><strong>dootore</strong></span> <span class='ocrx_word' id='word_1_28' title='bbox 1000 693 1158 746; x_wconf 86' lang='lat' dir='ltr'><strong>Beaumont</strong></span> <span class='ocrx_word' id='word_1_29' title='bbox 1174 688 1345 762; x_wconf 87' lang='lat' dir='ltr'><strong>[prooanoel-</strong></span> 
     </span>
     <span class='ocr_line' id='line_1_5' title="bbox 257 778 1346 853; baseline -0.003 -18"><span class='ocrx_word' id='word_1_30' title='bbox 257 780 328 835; x_wconf 88' lang='lat' dir='ltr'><strong>lario</strong></span> <span class='ocrx_word' id='word_1_31' title='bbox 339 779 388 853; x_wconf 79' lang='lat' dir='ltr'><strong>aio]</strong></span> <span class='ocrx_word' id='word_1_32' title='bbox 407 779 543 835; x_wconf 89' lang='lat' dir='ltr'><strong>Nioholao</strong></span> <span class='ocrx_word' id='word_1_33' title='bbox 553 778 687 850; x_wconf 50' lang='lat' dir='ltr'><strong>¹Shepard</strong></span> <span class='ocrx_word' id='word_1_34' title='bbox 704 779 722 834; x_wconf 88' lang='lat' dir='ltr'>J</span> <span class='ocrx_word' id='word_1_35' title='bbox 724 797 747 836; x_wconf 90' lang='lat'><strong>0.</strong></span> <span class='ocrx_word' id='word_1_36' title='bbox 767 778 905 851; x_wconf 81' lang='lat' dir='ltr'><strong>Daubney</strong></span> <span class='ocrx_word' id='word_1_37' title='bbox 920 780 949 834; x_wconf 93' lang='lat' dir='ltr'><strong>in</strong></span> <span class='ocrx_word' id='word_1_38' title='bbox 968 779 1077 834; x_wconf 85' lang='lat' dir='ltr'><strong>artibus</strong></span> <span class='ocrx_word' id='word_1_39' title='bbox 1095 779 1237 850; x_wconf 75' lang='lat' dir='ltr'>magistris</span> <span class='ocrx_word' id='word_1_40' title='bbox 1254 782 1284 832; x_wconf 89' lang='lat' dir='ltr'><strong>et</strong></span> <span class='ocrx_word' id='word_1_41' title='bbox 1298 778 1346 832; x_wconf 88' lang='lat' dir='ltr'><strong>W⁰</strong></span> 
     </span>
     <span class='ocr_line' id='line_1_6' title="bbox 260 861 1346 933; baseline -0.005 -13"><span class='ocrx_word' id='word_1_42' title='bbox 260 862 421 920; x_wconf 83' lang='lat' dir='ltr'><strong>Chederton</strong></span> <span class='ocrx_word' id='word_1_43' title='bbox 434 881 512 918; x_wconf 83' lang='lat' dir='ltr'><strong>sacre</strong></span> <span class='ocrx_word' id='word_1_44' title='bbox 525 863 663 932; x_wconf 76' lang='lat' dir='ltr'><strong>theologie</strong></span> <span class='ocrx_word' id='word_1_45' title='bbox 675 861 859 918; x_wconf 84' lang='lat' dir='ltr'><strong>beehaleureo</strong></span> <span class='ocrx_word' id='word_1_46' title='bbox 871 869 901 918; x_wconf 89' lang='lat' dir='ltr'><strong>et</strong></span> <span class='ocrx_word' id='word_1_47' title='bbox 912 863 960 933; x_wconf 85' lang='lat' dir='ltr'><strong>xiij</strong></span> <span class='ocrx_word' id='word_1_48' title='bbox 975 861 1138 917; x_wconf 91' lang='lat' dir='ltr'><strong>Deoembris</strong></span> <span class='ocrx_word' id='word_1_49' title='bbox 1150 861 1197 917; x_wconf 89' lang='lat' dir='ltr'><strong>W⁰</strong></span> <span class='ocrx_word' id='word_1_50' title='bbox 1210 861 1305 916; x_wconf 87' lang='lat' dir='ltr'><strong>Power</strong></span> <span class='ocrx_word' id='word_1_51' title='bbox 1316 866 1346 916; x_wconf 86' lang='lat' dir='ltr'><strong>et</strong></span> 
     </span>
     <span class='ocr_line' id='line_1_7' title="bbox 259 949 1347 1024; baseline -0.004 -16"><span class='ocrx_word' id='word_1_52' title='bbox 259 953 310 1009; x_wconf 84' lang='lat' dir='ltr'><strong>Ed.</strong></span> <span class='ocrx_word' id='word_1_53' title='bbox 328 950 464 1024; x_wconf 85' lang='lat' dir='ltr'><strong>Hausbye</strong></span> <span class='ocrx_word' id='word_1_54' title='bbox 481 951 511 1007; x_wconf 93' lang='lat' dir='ltr'><strong>in</strong></span> <span class='ocrx_word' id='word_1_55' title='bbox 529 950 639 1006; x_wconf 80' lang='lat' dir='ltr'><strong>artibus</strong></span> <span class='ocrx_word' id='word_1_56' title='bbox 658 951 800 1022; x_wconf 84' lang='lat' dir='ltr'><strong>magistris</strong></span> <span class='ocrx_word' id='word_1_57' title='bbox 818 957 848 1007; x_wconf 91' lang='lat' dir='ltr'><strong>et</strong></span> <span class='ocrx_word' id='word_1_58' title='bbox 868 951 926 1023; x_wconf 85' lang='lat' dir='ltr'><strong>xiiij</strong></span> <span class='ocrx_word' id='word_1_59' title='bbox 944 951 1074 1006; x_wconf 65' lang='lat' dir='ltr'><strong>«Ianirarii</strong></span> <span class='ocrx_word' id='word_1_60' title='bbox 1095 949 1187 1006; x_wconf 85' lang='lat' dir='ltr'><strong>David</strong></span> <span class='ocrx_word' id='word_1_61' title='bbox 1203 949 1293 1005; x_wconf 84' lang='lat' dir='ltr'><strong>Powel</strong></span> <span class='ocrx_word' id='word_1_62' title='bbox 1317 953 1347 1004; x_wconf 87' lang='lat' dir='ltr'><strong>et</strong></span> 
     </span>
     <span class='ocr_line' id='line_1_8' title="bbox 259 1037 1347 1111; baseline -0.005 -14"><span class='ocrx_word' id='word_1_63' title='bbox 259 1046 291 1097; x_wconf 79' lang='lat'><strong>31</strong></span> <span class='ocrx_word' id='word_1_64' title='bbox 314 1042 382 1097; x_wconf 83' lang='lat' dir='ltr'><strong>Maii</strong></span> <span class='ocrx_word' id='word_1_65' title='bbox 402 1041 515 1097; x_wconf 90' lang='lat' dir='ltr'><strong>Olivero</strong></span> <span class='ocrx_word' id='word_1_66' title='bbox 526 1041 626 1096; x_wconf 87' lang='lat' dir='ltr'><strong>Carter</strong></span> <span class='ocrx_word' id='word_1_67' title='bbox 638 1041 667 1095; x_wconf 89' lang='lat' dir='ltr'><strong>in</strong></span> <span class='ocrx_word' id='word_1_68' title='bbox 680 1040 791 1096; x_wconf 83' lang='lat' dir='ltr'><strong>artibus</strong></span> <span class='ocrx_word' id='word_1_69' title='bbox 803 1041 946 1111; x_wconf 74' lang='lat' dir='ltr'><strong>magistris</strong></span> <span class='ocrx_word' id='word_1_70' title='bbox 957 1045 987 1095; x_wconf 89' lang='lat' dir='ltr'><strong>et</strong></span> <span class='ocrx_word' id='word_1_71' title='bbox 1004 1045 1033 1094; x_wconf 76' lang='lat'><strong>2⁰</strong></span> <span class='ocrx_word' id='word_1_72' title='bbox 1044 1040 1062 1095; x_wconf 88' lang='lat' dir='ltr'>J</span> <span class='ocrx_word' id='word_1_73' title='bbox 1064 1040 1114 1095; x_wconf 91' lang='lat' dir='ltr'><strong>ulii</strong></span> <span class='ocrx_word' id='word_1_74' title='bbox 1131 1037 1347 1110; x_wconf 87' lang='lat' dir='ltr'><strong>prooanoellario</strong></span> 
     </span>
     <span class='ocr_line' id='line_1_9' title="bbox 258 1121 1447 1202; baseline -0.004 -17"><span class='ocrx_word' id='word_1_75' title='bbox 258 1131 391 1202; x_wconf 82' lang='lat' dir='ltr'><strong>magistro</strong></span> <span class='ocrx_word' id='word_1_76' title='bbox 402 1130 516 1185; x_wconf 80' lang='lat' dir='ltr'><strong>doctore</strong></span> <span class='ocrx_word' id='word_1_77' title='bbox 529 1130 619 1185; x_wconf 72' lang='lat' dir='ltr'><strong>Kellia</strong></span> <span class='ocrx_word' id='word_1_78' title='bbox 633 1129 769 1200; x_wconf 87' lang='lat' dir='ltr'><strong>magistro</strong></span> <span class='ocrx_word' id='word_1_79' title='bbox 780 1128 887 1184; x_wconf 87' lang='lat' dir='ltr'><strong>doctori</strong></span> <span class='ocrx_word' id='word_1_80' title='bbox 901 1127 970 1184; x_wconf 89' lang='lat' dir='ltr'><strong>Tho.</strong></span> <span class='ocrx_word' id='word_1_81' title='bbox 984 1128 1106 1200; x_wconf 86' lang='lat' dir='ltr'><strong>Spenoer</strong></span> <span class='ocrx_word' id='word_1_82' title='bbox 1118 1145 1196 1182; x_wconf 87' lang='lat' dir='ltr'><strong>sacre</strong></span> <span class='ocrx_word' id='word_1_83' title='bbox 1208 1125 1348 1197; x_wconf 91' lang='lat' dir='ltr'><strong>theologie</strong></span> <span class='ocrx_word' id='word_1_84' title='bbox 1444 1121 1447 1132; x_wconf 89' lang='lat'>&#39;</span> 
     </span>
     <span class='ocr_line' id='line_1_10' title="bbox 258 1217 407 1289; baseline 0 -17"><span class='ocrx_word' id='word_1_85' title='bbox 258 1217 407 1289; x_wconf 70' lang='lat' dir='ltr'><strong>professori</strong></span> 
     </span>
    </p>

    <p class='ocr_par' dir='ltr' id='par_1_3' title="bbox 191 1301 1348 1989">
     <span class='ocr_line' id='line_1_11' title="bbox 191 1301 1346 1374; baseline -0.003 -14"><span class='ocrx_word' id='word_1_86' title='bbox 191 1304 361 1360; x_wconf 87' lang='lat' dir='ltr'><strong>Conoeditur</strong></span> <span class='ocrx_word' id='word_1_87' title='bbox 373 1313 421 1359; x_wconf 84' lang='lat' dir='ltr'><strong>xv⁰</strong></span> <span class='ocrx_word' id='word_1_88' title='bbox 434 1301 603 1358; x_wconf 87' lang='lat' dir='ltr'><strong>Novembris</strong></span> <span class='ocrx_word' id='word_1_89' title='bbox 619 1307 652 1358; x_wconf 81' lang='lat' dir='ltr'><strong>vt</strong></span> <span class='ocrx_word' id='word_1_90' title='bbox 668 1303 795 1374; x_wconf 76' lang='lat' dir='ltr'><strong>magistri</strong></span> <span class='ocrx_word' id='word_1_91' title='bbox 811 1303 939 1358; x_wconf 84' lang='lat' dir='ltr'><strong>doctores</strong></span> <span class='ocrx_word' id='word_1_92' title='bbox 956 1302 1082 1358; x_wconf 87' lang='lat' dir='ltr'><strong>Hatoher</strong></span> <span class='ocrx_word' id='word_1_93' title='bbox 1096 1307 1126 1357; x_wconf 91' lang='grc'><strong>01</strong></span> <span class='ocrx_word' id='word_1_94' title='bbox 1145 1303 1200 1358; x_wconf 88' lang='lat' dir='ltr'><strong>Car</strong></span> <span class='ocrx_word' id='word_1_95' title='bbox 1218 1301 1346 1372; x_wconf 77' lang='lat' dir='ltr'><strong>magistri</strong></span> 
     </span>
     <span class='ocr_line' id='line_1_12' title="bbox 259 1390 1346 1463; baseline -0.003 -16"><span class='ocrx_word' id='word_1_96' title='bbox 259 1393 354 1448; x_wconf 85' lang='lat' dir='ltr'><strong>Fuller</strong></span> <span class='ocrx_word' id='word_1_97' title='bbox 367 1393 420 1448; x_wconf 89' lang='lat' dir='ltr'><strong>Par</strong></span> <span class='ocrx_word' id='word_1_98' title='bbox 432 1396 461 1446; x_wconf 92' lang='lat' dir='ltr'><strong>et</strong></span> <span class='ocrx_word' id='word_1_99' title='bbox 472 1391 620 1463; x_wconf 87' lang='lat' dir='ltr'><strong>Chapmen</strong></span> <span class='ocrx_word' id='word_1_100' title='bbox 632 1391 695 1447; x_wconf 85' lang='lat' dir='ltr'><strong>aule</strong></span> <span class='ocrx_word' id='word_1_101' title='bbox 707 1391 788 1447; x_wconf 87' lang='lat' dir='ltr'><strong>Clara</strong></span> <span class='ocrx_word' id='word_1_102' title='bbox 801 1391 859 1446; x_wconf 90' lang='lat' dir='ltr'><strong>sint</strong></span> <span class='ocrx_word' id='word_1_103' title='bbox 871 1391 978 1447; x_wconf 90' lang='lat' dir='ltr'><strong>iudioes</strong></span> <span class='ocrx_word' id='word_1_104' title='bbox 989 1390 1110 1462; x_wconf 87' lang='lat' dir='ltr'><strong>delegati</strong></span> <span class='ocrx_word' id='word_1_105' title='bbox 1118 1391 1149 1446; x_wconf 89' lang='lat' dir='ltr'><strong>in</strong></span> <span class='ocrx_word' id='word_1_106' title='bbox 1158 1409 1244 1446; x_wconf 81' lang='lat' dir='ltr'><strong>cauea</strong></span> <span class='ocrx_word' id='word_1_107' title='bbox 1253 1390 1346 1462; x_wconf 90' lang='lat' dir='ltr'><strong>appel-</strong></span> 
     </span>
     <span class='ocr_line' id='line_1_13' title="bbox 259 1478 1348 1550; baseline -0.002 -16"><span class='ocrx_word' id='word_1_108' title='bbox 259 1480 374 1535; x_wconf 86' lang='lat' dir='ltr'><strong>lationis</strong></span> <span class='ocrx_word' id='word_1_109' title='bbox 386 1479 514 1550; x_wconf 81' lang='lat' dir='ltr'><strong>magistri</strong></span> <span class='ocrx_word' id='word_1_110' title='bbox 527 1480 659 1535; x_wconf 86' lang='lat' dir='ltr'><strong>Curtesse</strong></span> <span class='ocrx_word' id='word_1_111' title='bbox 668 1485 697 1535; x_wconf 89' lang='lat' dir='ltr'><strong>et</strong></span> <span class='ocrx_word' id='word_1_112' title='bbox 707 1479 776 1536; x_wconf 85' lang='lat' dir='ltr'><strong>Tho.</strong></span> <span class='ocrx_word' id='word_1_113' title='bbox 787 1479 971 1550; x_wconf 80' lang='lat' dir='ltr'><strong>Iongeworth</strong></span> <span class='ocrx_word' id='word_1_114' title='bbox 981 1478 1022 1533; x_wconf 85' lang='lat' dir='ltr'><strong>sio</strong></span> <span class='ocrx_word' id='word_1_115' title='bbox 1031 1484 1063 1533; x_wconf 90' lang='lat' dir='ltr'><strong>vt</strong></span> <span class='ocrx_word' id='word_1_116' title='bbox 1073 1479 1166 1534; x_wconf 83' lang='lat' dir='ltr'><strong>ferant</strong></span> <span class='ocrx_word' id='word_1_117' title='bbox 1175 1478 1348 1532; x_wconf 84' lang='lat' dir='ltr'><strong>sententiam</strong></span> 
     </span>
     <span class='ocr_line' id='line_1_14' title="bbox 261 1566 1348 1644; baseline -0.003 -21"><span class='ocrx_word' id='word_1_118' title='bbox 261 1567 335 1623; x_wconf 81' lang='lat' dir='ltr'><strong>inira</strong></span> <span class='ocrx_word' id='word_1_119' title='bbox 346 1567 384 1638; x_wconf 78' lang='lat' dir='ltr'><strong>xij</strong></span> <span class='ocrx_word' id='word_1_120' title='bbox 399 1566 458 1623; x_wconf 91' lang='lat' dir='ltr'><strong>dies</strong></span> <span class='ocrx_word' id='word_1_121' title='bbox 475 1567 600 1637; x_wconf 85' lang='lat' dir='ltr'><strong>proxime</strong></span> <span class='ocrx_word' id='word_1_122' title='bbox 616 1573 767 1638; x_wconf 81' lang='lat' dir='ltr'><strong>sequentes</strong></span> <span class='ocrx_word' id='word_1_123' title='bbox 782 1566 859 1637; x_wconf 89' lang='lat' dir='ltr'><strong>quod</strong></span> <span class='ocrx_word' id='word_1_124' title='bbox 874 1567 899 1622; x_wconf 91' lang='lat' dir='ltr'><strong>ei</strong></span> <span class='ocrx_word' id='word_1_125' title='bbox 916 1585 1014 1622; x_wconf 86' lang='lat' dir='ltr'><strong>omnes</strong></span> <span class='ocrx_word' id='word_1_126' title='bbox 1029 1584 1127 1621; x_wconf 88' lang='lat' dir='ltr'><strong>eorum</strong></span> <span class='ocrx_word' id='word_1_127' title='bbox 1143 1567 1218 1644; x_wconf 76' lang='lat' dir='ltr'><strong>inira</strong></span> <span class='ocrx_word' id='word_1_128' title='bbox 1235 1571 1348 1636; x_wconf 79' lang='lat' dir='ltr'><strong>tempus</strong></span> 
     </span>
     <span class='ocr_line' id='line_1_15' title="bbox 260 1653 1348 1726; baseline -0.003 -15"><span class='ocrx_word' id='word_1_129' title='bbox 260 1654 419 1726; x_wconf 77' lang='lat' dir='ltr'><strong>predictum</strong></span> <span class='ocrx_word' id='word_1_130' title='bbox 431 1659 460 1709; x_wconf 93' lang='lat' dir='ltr'><strong>et</strong></span> <span class='ocrx_word' id='word_1_131' title='bbox 471 1654 508 1709; x_wconf 90' lang='lat' dir='ltr'><strong>ad</strong></span> <span class='ocrx_word' id='word_1_132' title='bbox 522 1654 607 1709; x_wconf 84' lang='lat' dir='ltr'><strong>finem</strong></span> <span class='ocrx_word' id='word_1_133' title='bbox 625 1653 783 1725; x_wconf 84' lang='lat' dir='ltr'><strong>predictum</strong></span> <span class='ocrx_word' id='word_1_134' title='bbox 798 1655 944 1710; x_wconf 86' lang='lat' dir='ltr'><strong>eommode</strong></span> <span class='ocrx_word' id='word_1_135' title='bbox 957 1656 1093 1710; x_wconf 79' lang='lat' dir='ltr'><strong>interesse</strong></span> <span class='ocrx_word' id='word_1_136' title='bbox 1105 1672 1162 1710; x_wconf 89' lang='lat' dir='ltr'><strong>nou</strong></span> <span class='ocrx_word' id='word_1_137' title='bbox 1174 1653 1286 1726; x_wconf 84' lang='lat' dir='ltr'><strong>possint</strong></span> <span class='ocrx_word' id='word_1_138' title='bbox 1298 1661 1348 1708; x_wconf 85' lang='lat' dir='ltr'><strong>aut</strong></span> 
     </span>
     <span class='ocr_line' id='line_1_16' title="bbox 261 1741 1348 1814; baseline -0.003 -15"><span class='ocrx_word' id='word_1_139' title='bbox 261 1744 352 1799; x_wconf 86' lang='lat' dir='ltr'><strong>nolint</strong></span> <span class='ocrx_word' id='word_1_140' title='bbox 373 1749 442 1798; x_wconf 89' lang='lat' dir='ltr'><strong>tuno</strong></span> <span class='ocrx_word' id='word_1_141' title='bbox 462 1748 585 1813; x_wconf 89' lang='lat' dir='ltr'><strong>quatuor</strong></span> <span class='ocrx_word' id='word_1_142' title='bbox 605 1747 657 1798; x_wconf 90' lang='lat' dir='ltr'><strong>aut</strong></span> <span class='ocrx_word' id='word_1_143' title='bbox 678 1749 736 1798; x_wconf 87' lang='lat' dir='ltr'><strong>tres</strong></span> <span class='ocrx_word' id='word_1_144' title='bbox 754 1760 788 1798; x_wconf 82' lang='lat' dir='ltr'><strong>ex</strong></span> <span class='ocrx_word' id='word_1_145' title='bbox 806 1743 875 1814; x_wconf 83' lang='lat' dir='ltr'><strong>ipsis</strong></span> <span class='ocrx_word' id='word_1_146' title='bbox 893 1748 987 1799; x_wconf 85' lang='lat' dir='ltr'><strong>vestra</strong></span> <span class='ocrx_word' id='word_1_147' title='bbox 1005 1743 1180 1798; x_wconf 77' lang='lat' dir='ltr'><strong>authoritate</strong></span> <span class='ocrx_word' id='word_1_148' title='bbox 1201 1741 1348 1813; x_wconf 86' lang='lat' dir='ltr'><strong>proeedere</strong></span> 
     </span>
     <span class='ocr_line' id='line_1_17' title="bbox 261 1828 1348 1904; baseline -0.003 -18"><span class='ocrx_word' id='word_1_149' title='bbox 261 1832 370 1904; x_wconf 89' lang='lat' dir='ltr'><strong>possint</strong></span> <span class='ocrx_word' id='word_1_150' title='bbox 388 1832 418 1886; x_wconf 87' lang='lat' dir='ltr'><strong>in</strong></span> <span class='ocrx_word' id='word_1_151' title='bbox 436 1848 522 1886; x_wconf 81' lang='lat' dir='ltr'><strong>causa</strong></span> <span class='ocrx_word' id='word_1_152' title='bbox 540 1829 666 1902; x_wconf 80' lang='lat' dir='ltr'><strong>predicta</strong></span> <span class='ocrx_word' id='word_1_153' title='bbox 686 1834 716 1886; x_wconf 91' lang='grc'><strong>01</strong></span> <span class='ocrx_word' id='word_1_154' title='bbox 736 1847 799 1885; x_wconf 86' lang='lat' dir='ltr'><strong>eam</strong></span> <span class='ocrx_word' id='word_1_155' title='bbox 820 1829 917 1886; x_wconf 86' lang='lat' dir='ltr'><strong>debito</strong></span> <span class='ocrx_word' id='word_1_156' title='bbox 937 1831 993 1886; x_wconf 84' lang='lat' dir='ltr'><strong>line</strong></span> <span class='ocrx_word' id='word_1_157' title='bbox 1012 1830 1163 1886; x_wconf 87' lang='lat' dir='ltr'><strong>terminare</strong></span> <span class='ocrx_word' id='word_1_158' title='bbox 1185 1835 1252 1884; x_wconf 84' lang='lat' dir='ltr'><strong>ante</strong></span> <span class='ocrx_word' id='word_1_159' title='bbox 1272 1828 1348 1884; x_wconf 91' lang='lat' dir='ltr'><strong>diem</strong></span> 
     </span>
     <span class='ocr_line' id='line_1_18' title="bbox 262 1917 420 1989; baseline -0.013 -16"><span class='ocrx_word' id='word_1_160' title='bbox 262 1917 420 1989; x_wconf 87' lang='lat' dir='ltr'><strong>predictum</strong></span> 
     </span>
    </p>

    <p class='ocr_par' dir='ltr' id='par_1_4' title="bbox 191 2001 1350 2338">
     <span class='ocr_line' id='line_1_19' title="bbox 191 2001 1348 2077; baseline -0.003 -16"><span class='ocrx_word' id='word_1_161' title='bbox 191 2006 361 2062; x_wconf 77' lang='lat' dir='ltr'><strong>Conceditur</strong></span> <span class='ocrx_word' id='word_1_162' title='bbox 373 2007 407 2058; x_wconf 79' lang='lat'><strong>28</strong></span> <span class='ocrx_word' id='word_1_163' title='bbox 420 2003 589 2059; x_wconf 89' lang='lat' dir='ltr'><strong>Novembris</strong></span> <span class='ocrx_word' id='word_1_164' title='bbox 599 2008 630 2059; x_wconf 86' lang='lat' dir='ltr'><strong>vt</strong></span> <span class='ocrx_word' id='word_1_165' title='bbox 642 2004 769 2076; x_wconf 76' lang='lat' dir='ltr'><strong>magistri</strong></span> <span class='ocrx_word' id='word_1_166' title='bbox 780 2005 968 2077; x_wconf 77' lang='lat' dir='ltr'><strong>Whyghtgyr&#39;t</strong></span> <span class='ocrx_word' id='word_1_167' title='bbox 980 2005 1146 2077; x_wconf 80' lang='lat' dir='ltr'><strong>Doryngtou</strong></span> <span class='ocrx_word' id='word_1_168' title='bbox 1157 2005 1237 2075; x_wconf 80' lang='lat' dir='ltr'><strong>Byng</strong></span> <span class='ocrx_word' id='word_1_169' title='bbox 1245 2001 1348 2058; x_wconf 86' lang='lat' dir='ltr'><strong>Welles</strong></span> 
     </span>
     <span class='ocr_line' id='line_1_20' title="bbox 261 2089 1348 2162; baseline -0.002 -16"><span class='ocrx_word' id='word_1_170' title='bbox 261 2097 291 2146; x_wconf 92' lang='lat' dir='ltr'><strong>et</strong></span> <span class='ocrx_word' id='word_1_171' title='bbox 304 2091 395 2145; x_wconf 89' lang='lat' dir='ltr'><strong>Harte</strong></span> <span class='ocrx_word' id='word_1_172' title='bbox 407 2089 467 2144; x_wconf 89' lang='lat' dir='ltr'><strong>sint</strong></span> <span class='ocrx_word' id='word_1_173' title='bbox 479 2089 585 2144; x_wconf 85' lang='lat' dir='ltr'><strong>iudices</strong></span> <span class='ocrx_word' id='word_1_174' title='bbox 596 2090 717 2162; x_wconf 91' lang='lat' dir='ltr'><strong>delegati</strong></span> <span class='ocrx_word' id='word_1_175' title='bbox 729 2091 759 2146; x_wconf 92' lang='lat' dir='ltr'><strong>in</strong></span> <span class='ocrx_word' id='word_1_176' title='bbox 771 2108 856 2146; x_wconf 84' lang='lat' dir='ltr'><strong>eausa</strong></span> <span class='ocrx_word' id='word_1_177' title='bbox 868 2091 1066 2162; x_wconf 85' lang='lat' dir='ltr'><strong>appellationis</strong></span> <span class='ocrx_word' id='word_1_178' title='bbox 1077 2091 1205 2162; x_wconf 83' lang='lat' dir='ltr'><strong>magistri</strong></span> <span class='ocrx_word' id='word_1_179' title='bbox 1218 2091 1348 2146; x_wconf 76' lang='lat' dir='ltr'><strong>Curteese</strong></span> 
     </span>
     <span class='ocr_line' id='line_1_21' title="bbox 261 2177 1350 2250; baseline -0.003 -16"><span class='ocrx_word' id='word_1_180' title='bbox 261 2185 292 2234; x_wconf 91' lang='grc'><strong>01</strong></span> <span class='ocrx_word' id='word_1_181' title='bbox 303 2179 373 2234; x_wconf 87' lang='lat' dir='ltr'><strong>Tho.</strong></span> <span class='ocrx_word' id='word_1_182' title='bbox 385 2178 568 2250; x_wconf 81' lang='lat' dir='ltr'><strong>Longeworth</strong></span> <span class='ocrx_word' id='word_1_183' title='bbox 578 2179 618 2233; x_wconf 92' lang='lat' dir='ltr'><strong>sio</strong></span> <span class='ocrx_word' id='word_1_184' title='bbox 628 2186 660 2233; x_wconf 88' lang='lat' dir='ltr'><strong>vt</strong></span> <span class='ocrx_word' id='word_1_185' title='bbox 669 2179 698 2232; x_wconf 92' lang='lat' dir='ltr'><strong>id</strong></span> <span class='ocrx_word' id='word_1_186' title='bbox 708 2181 802 2233; x_wconf 82' lang='lat' dir='ltr'><strong>vestra</strong></span> <span class='ocrx_word' id='word_1_187' title='bbox 810 2179 982 2234; x_wconf 82' lang='lat' dir='ltr'><strong>auctoritate</strong></span> <span class='ocrx_word' id='word_1_188' title='bbox 990 2183 1085 2235; x_wconf 83' lang='lat' dir='ltr'><strong>ratum</strong></span> <span class='ocrx_word' id='word_1_189' title='bbox 1094 2179 1134 2234; x_wconf 89' lang='lat' dir='ltr'><strong>sit</strong></span> <span class='ocrx_word' id='word_1_190' title='bbox 1143 2177 1218 2250; x_wconf 90' lang='lat' dir='ltr'><strong>quod</strong></span> <span class='ocrx_word' id='word_1_191' title='bbox 1227 2181 1350 2249; x_wconf 87' lang='lat' dir='ltr'><strong>quatuor</strong></span> 
     </span>
     <span class='ocr_line' id='line_1_22' title="bbox 262 2264 1079 2338; baseline -0.001 -16"><span class='ocrx_word' id='word_1_192' title='bbox 262 2283 359 2322; x_wconf 88' lang='lat' dir='ltr'><strong>eorum</strong></span> <span class='ocrx_word' id='word_1_193' title='bbox 371 2265 546 2320; x_wconf 78' lang='lat' dir='ltr'><strong>decreverint</strong></span> <span class='ocrx_word' id='word_1_194' title='bbox 558 2265 632 2320; x_wconf 83' lang='lat' dir='ltr'><strong>infra</strong></span> <span class='ocrx_word' id='word_1_195' title='bbox 644 2269 707 2320; x_wconf 86' lang='lat' dir='ltr'><strong>ooto</strong></span> <span class='ocrx_word' id='word_1_196' title='bbox 718 2264 780 2320; x_wconf 88' lang='lat' dir='ltr'><strong>dies</strong></span> <span class='ocrx_word' id='word_1_197' title='bbox 791 2266 917 2338; x_wconf 80' lang='lat' dir='ltr'><strong>proxime</strong></span> <span class='ocrx_word' id='word_1_198' title='bbox 929 2269 1079 2337; x_wconf 79' lang='lat' dir='ltr'><strong>sequentes</strong></span> 
     </span>
    </p>

    <p class='ocr_par' dir='ltr' id='par_1_5' title="bbox 192 2352 1349 2498">
     <span class='ocr_line' id='line_1_23' title="bbox 192 2352 1349 2410; baseline -0.003 0"><span class='ocrx_word' id='word_1_199' title='bbox 192 2353 362 2410; x_wconf 87' lang='lat' dir='ltr'><strong>Conoeditur</strong></span> <span class='ocrx_word' id='word_1_200' title='bbox 382 2357 416 2409; x_wconf 83' lang='grc'><strong>13</strong></span> <span class='ocrx_word' id='word_1_201' title='bbox 434 2353 597 2408; x_wconf 89' lang='lat' dir='ltr'><strong>Deoembris</strong></span> <span class='ocrx_word' id='word_1_202' title='bbox 615 2357 644 2408; x_wconf 89' lang='lat' dir='ltr'><strong>et</strong></span> <span class='ocrx_word' id='word_1_203' title='bbox 663 2357 679 2408; x_wconf 77' lang='grc'><strong>1</strong></span> <span class='ocrx_word' id='word_1_204' title='bbox 697 2352 768 2408; x_wconf 88' lang='lat' dir='ltr'><strong>Julii</strong></span> <span class='ocrx_word' id='word_1_205' title='bbox 787 2359 820 2409; x_wconf 87' lang='lat' dir='ltr'><strong>vt</strong></span> <span class='ocrx_word' id='word_1_206' title='bbox 837 2354 977 2410; x_wconf 87' lang='lat' dir='ltr'><strong>terminus</strong></span> <span class='ocrx_word' id='word_1_207' title='bbox 994 2353 1078 2410; x_wconf 91' lang='lat' dir='ltr'><strong>hodie</strong></span> <span class='ocrx_word' id='word_1_208' title='bbox 1098 2353 1271 2409; x_wconf 82' lang='lat' dir='ltr'><strong>dissolvetur</strong></span> <span class='ocrx_word' id='word_1_209' title='bbox 1292 2370 1349 2408; x_wconf 92' lang='lat' dir='ltr'><strong>non</strong></span> 
     </span>
     <span class='ocr_line' id='line_1_24' title="bbox 263 2441 524 2498; baseline 0.004 -2"><span class='ocrx_word' id='word_1_210' title='bbox 263 2441 395 2497; x_wconf 84' lang='lat' dir='ltr'><strong>obstante</strong></span> <span class='ocrx_word' id='word_1_211' title='bbox 414 2446 524 2498; x_wconf 84' lang='lat' dir='ltr'><strong>statuto</strong></span> 
     </span>
    </p>

    <p class='ocr_par' dir='ltr' id='par_1_6' title="bbox 193 2528 1350 2955">
     <span class='ocr_line' id='line_1_25' title="bbox 193 2528 1350 2602; baseline -0.003 -15"><span class='ocrx_word' id='word_1_212' title='bbox 193 2531 363 2587; x_wconf 84' lang='lat' dir='ltr'><strong>Conoeditur</strong></span> <span class='ocrx_word' id='word_1_213' title='bbox 378 2529 424 2602; x_wconf 59' lang='lat' dir='ltr'><strong>iil?</strong></span> <span class='ocrx_word' id='word_1_214' title='bbox 441 2529 586 2586; x_wconf 84' lang='lat' dir='ltr'><strong>Februarii</strong></span> <span class='ocrx_word' id='word_1_215' title='bbox 602 2535 635 2585; x_wconf 86' lang='lat' dir='ltr'><strong>vt</strong></span> <span class='ocrx_word' id='word_1_216' title='bbox 648 2531 704 2586; x_wconf 92' lang='lat' dir='ltr'><strong>duo</strong></span> <span class='ocrx_word' id='word_1_217' title='bbox 719 2547 862 2586; x_wconf 88' lang='lat' dir='ltr'><strong>sermones</strong></span> <span class='ocrx_word' id='word_1_218' title='bbox 878 2549 951 2586; x_wconf 88' lang='lat' dir='ltr'><strong>vnus</strong></span> <span class='ocrx_word' id='word_1_219' title='bbox 969 2529 1004 2586; x_wconf 85' lang='lat' dir='ltr'><strong>ad</strong></span> <span class='ocrx_word' id='word_1_220' title='bbox 1023 2531 1159 2602; x_wconf 90' lang='lat' dir='ltr'><strong>populum</strong></span> <span class='ocrx_word' id='word_1_221' title='bbox 1177 2533 1206 2584; x_wconf 92' lang='grc'><strong>01</strong></span> <span class='ocrx_word' id='word_1_222' title='bbox 1223 2529 1296 2585; x_wconf 85' lang='lat' dir='ltr'><strong>alter</strong></span> <span class='ocrx_word' id='word_1_223' title='bbox 1313 2528 1350 2584; x_wconf 91' lang='lat' dir='ltr'><strong>ad</strong></span> 
     </span>
     <span class='ocr_line' id='line_1_26' title="bbox 262 2617 1349 2690; baseline -0.001 -17"><span class='ocrx_word' id='word_1_224' title='bbox 262 2619 369 2674; x_wconf 87' lang='lat' dir='ltr'><strong>olerum</strong></span> <span class='ocrx_word' id='word_1_225' title='bbox 380 2617 522 2674; x_wconf 81' lang='lat' dir='ltr'><strong>sufficiant</strong></span> <span class='ocrx_word' id='word_1_226' title='bbox 533 2618 670 2688; x_wconf 86' lang='lat' dir='ltr'><strong>magistro</strong></span> <span class='ocrx_word' id='word_1_227' title='bbox 681 2617 788 2673; x_wconf 90' lang='lat' dir='ltr'><strong>dootori</strong></span> <span class='ocrx_word' id='word_1_228' title='bbox 805 2618 900 2673; x_wconf 85' lang='lat' dir='ltr'><strong>Ruehe</strong></span> <span class='ocrx_word' id='word_1_229' title='bbox 915 2636 966 2689; x_wconf 89' lang='lat' dir='ltr'><strong>pro</strong></span> <span class='ocrx_word' id='word_1_230' title='bbox 979 2618 1068 2690; x_wconf 86' lang='lat' dir='ltr'><strong>gradu</strong></span> <span class='ocrx_word' id='word_1_231' title='bbox 1084 2623 1215 2689; x_wconf 87' lang='lat' dir='ltr'><strong>suseepto</strong></span> <span class='ocrx_word' id='word_1_232' title='bbox 1230 2617 1297 2689; x_wconf 88' lang='lat' dir='ltr'><strong>quia</strong></span> <span class='ocrx_word' id='word_1_233' title='bbox 1312 2617 1349 2672; x_wconf 89' lang='lat' dir='ltr'><strong>ad</strong></span> 
     </span>
     <span class='ocr_line' id='line_1_27' title="bbox 266 2705 1349 2778; baseline 0 -17"><span class='ocrx_word' id='word_1_234' title='bbox 266 2707 341 2777; x_wconf 88' lang='lat' dir='ltr'><strong>regie</strong></span> <span class='ocrx_word' id='word_1_235' title='bbox 356 2707 515 2762; x_wconf 70' lang='lat' dir='ltr'><strong>maiestatis</strong></span> <span class='ocrx_word' id='word_1_236' title='bbox 531 2707 651 2761; x_wconf 87' lang='lat' dir='ltr'><strong>missum</strong></span> <span class='ocrx_word' id='word_1_237' title='bbox 664 2712 693 2760; x_wconf 86' lang='lat' dir='ltr'><strong>at</strong></span> <span class='ocrx_word' id='word_1_238' title='bbox 706 2706 872 2762; x_wconf 84' lang='lat' dir='ltr'><strong>mandatum</strong></span> <span class='ocrx_word' id='word_1_239' title='bbox 885 2708 986 2762; x_wconf 87' lang='lat' dir='ltr'><strong>stetim</strong></span> <span class='ocrx_word' id='word_1_240' title='bbox 998 2706 1186 2778; x_wconf 80' lang='lat' dir='ltr'><strong>proficiendas</strong></span> <span class='ocrx_word' id='word_1_241' title='bbox 1197 2706 1245 2762; x_wconf 91' lang='lat' dir='ltr'><strong>ille</strong></span> <span class='ocrx_word' id='word_1_242' title='bbox 1256 2710 1301 2762; x_wconf 86' lang='lat' dir='ltr'><strong>est</strong></span> <span class='ocrx_word' id='word_1_243' title='bbox 1313 2705 1349 2761; x_wconf 91' lang='lat' dir='ltr'><strong>ad</strong></span> 
     </span>
     <span class='ocr_line' id='line_1_28' title="bbox 264 2797 1350 2868; baseline -0.002 -16"><span class='ocrx_word' id='word_1_244' title='bbox 264 2797 468 2853; x_wconf 85' lang='lat' dir='ltr'><strong>transmarinas</strong></span> <span class='ocrx_word' id='word_1_245' title='bbox 482 2799 577 2868; x_wconf 83' lang='lat' dir='ltr'><strong>partes</strong></span> <span class='ocrx_word' id='word_1_246' title='bbox 593 2801 623 2851; x_wconf 91' lang='grc'><strong>01</strong></span> <span class='ocrx_word' id='word_1_247' title='bbox 638 2801 748 2851; x_wconf 81' lang='lat' dir='ltr'><strong>exteras</strong></span> <span class='ocrx_word' id='word_1_248' title='bbox 765 2797 893 2851; x_wconf 89' lang='lat' dir='ltr'><strong>nationes</strong></span> <span class='ocrx_word' id='word_1_249' title='bbox 927 2797 967 2851; x_wconf 88' lang='lat' dir='ltr'><strong>sio</strong></span> <span class='ocrx_word' id='word_1_250' title='bbox 983 2800 1016 2851; x_wconf 86' lang='lat' dir='ltr'><strong>vt</strong></span> <span class='ocrx_word' id='word_1_251' title='bbox 1032 2797 1212 2851; x_wconf 87' lang='lat' dir='ltr'><strong>oonoionetur</strong></span> <span class='ocrx_word' id='word_1_252' title='bbox 1228 2803 1350 2866; x_wconf 87' lang='lat' dir='ltr'><strong>quatuor</strong></span> 
     </span>
     <span class='ocr_line' id='line_1_29' title="bbox 263 2883 614 2955; baseline -0.006 -16"><span class='ocrx_word' id='word_1_253' title='bbox 263 2900 406 2939; x_wconf 88' lang='lat' dir='ltr'><strong>sermones</strong></span> <span class='ocrx_word' id='word_1_254' title='bbox 423 2883 460 2938; x_wconf 93' lang='lat' dir='ltr'><strong>ad</strong></span> <span class='ocrx_word' id='word_1_255' title='bbox 477 2883 614 2955; x_wconf 90' lang='lat' dir='ltr'><strong>populum</strong></span> 
     </span>
    </p>

    <p class='ocr_par' dir='ltr' id='par_1_7' title="bbox 159 2970 1350 3043">
     <span class='ocr_line' id='line_1_30' title="bbox 159 2970 1350 3043; baseline 0 -17"><span class='ocrx_word' id='word_1_256' title='bbox 159 2971 165 2986; x_wconf 86' lang='lat'>&#39;</span> <span class='ocrx_word' id='word_1_257' title='bbox 194 2971 367 3026; x_wconf 87' lang='lat' dir='ltr'><strong>Conoeditur</strong></span> <span class='ocrx_word' id='word_1_258' title='bbox 378 2970 474 3026; x_wconf 91' lang='lat' dir='ltr'><strong>eodem</strong></span> <span class='ocrx_word' id='word_1_259' title='bbox 487 2976 520 3028; x_wconf 86' lang='lat' dir='ltr'><strong>vt</strong></span> <span class='ocrx_word' id='word_1_260' title='bbox 530 2970 592 3026; x_wconf 90' lang='lat' dir='ltr'><strong>dies</strong></span> <span class='ocrx_word' id='word_1_261' title='bbox 605 2971 684 3025; x_wconf 87' lang='lat' dir='ltr'><strong>Lune</strong></span> <span class='ocrx_word' id='word_1_262' title='bbox 700 2977 730 3026; x_wconf 87' lang='lat' dir='ltr'><strong>et</strong></span> <span class='ocrx_word' id='word_1_263' title='bbox 747 2971 849 3025; x_wconf 85' lang='lat' dir='ltr'><strong>Martis</strong></span> <span class='ocrx_word' id='word_1_264' title='bbox 865 2971 896 3026; x_wconf 90' lang='lat' dir='ltr'><strong>in</strong></span> <span class='ocrx_word' id='word_1_265' title='bbox 912 2971 1083 3028; x_wconf 87' lang='lat' dir='ltr'><strong>hebdomide</strong></span> <span class='ocrx_word' id='word_1_266' title='bbox 1098 2971 1276 3043; x_wconf 86' lang='lat' dir='ltr'><strong>camisprivii</strong></span> <span class='ocrx_word' id='word_1_267' title='bbox 1291 2971 1350 3026; x_wconf 89' lang='lat' dir='ltr'><strong>sint</strong></span> 
     </span>
    </p>

    <p class='ocr_par' dir='ltr' id='par_1_8' title="bbox 263 3058 1350 3218">
     <span class='ocr_line' id='line_1_31' title="bbox 264 3058 1350 3132; baseline -0.002 -18"><span class='ocrx_word' id='word_1_268' title='bbox 264 3077 320 3114; x_wconf 92' lang='lat' dir='ltr'><strong>non</strong></span> <span class='ocrx_word' id='word_1_269' title='bbox 335 3059 522 3132; x_wconf 88' lang='lat' dir='ltr'><strong>disputabilee</strong></span> <span class='ocrx_word' id='word_1_270' title='bbox 537 3077 593 3114; x_wconf 90' lang='lat' dir='ltr'><strong>non</strong></span> <span class='ocrx_word' id='word_1_271' title='bbox 610 3059 742 3114; x_wconf 81' lang='lat' dir='ltr'><strong>obstante</strong></span> <span class='ocrx_word' id='word_1_272' title='bbox 759 3061 869 3113; x_wconf 87' lang='lat' dir='ltr'><strong>statuto</strong></span> <span class='ocrx_word' id='word_1_273' title='bbox 886 3058 928 3113; x_wconf 91' lang='lat' dir='ltr'><strong>ita</strong></span> <span class='ocrx_word' id='word_1_274' title='bbox 946 3063 1042 3114; x_wconf 74' lang='lat' dir='ltr'><strong>umen</strong></span> <span class='ocrx_word' id='word_1_275' title='bbox 1061 3058 1137 3130; x_wconf 92' lang='lat' dir='ltr'><strong>quod</strong></span> <span class='ocrx_word' id='word_1_276' title='bbox 1155 3077 1206 3130; x_wconf 89' lang='lat' dir='ltr'><strong>pro</strong></span> <span class='ocrx_word' id='word_1_277' title='bbox 1223 3058 1350 3129; x_wconf 85' lang='lat' dir='ltr'><strong>dispute-</strong></span> 
     </span>
     <span class='ocr_line' id='line_1_32' title="bbox 263 3143 1106 3218; baseline 0 -16"><span class='ocrx_word' id='word_1_278' title='bbox 263 3147 368 3203; x_wconf 81' lang='lat' dir='ltr'><strong>bilibue</strong></span> <span class='ocrx_word' id='word_1_279' title='bbox 380 3147 538 3204; x_wconf 83' lang='lat' dir='ltr'><strong>habeantur</strong></span> <span class='ocrx_word' id='word_1_280' title='bbox 550 3151 611 3204; x_wconf 85' lang='lat' dir='ltr'><strong>tam</strong></span> <span class='ocrx_word' id='word_1_281' title='bbox 622 3146 665 3202; x_wconf 85' lang='lat' dir='ltr'><strong>ad·</strong></span> <span class='ocrx_word' id='word_1_282' title='bbox 673 3147 823 3218; x_wconf 83' lang='lat' dir='ltr'><strong>magistros</strong></span> <span class='ocrx_word' id='word_1_283' title='bbox 834 3163 922 3217; x_wconf 91' lang='lat' dir='ltr'><strong>quam</strong></span> <span class='ocrx_word' id='word_1_284' title='bbox 934 3146 970 3201; x_wconf 90' lang='lat' dir='ltr'><strong>ad</strong></span> <span class='ocrx_word' id='word_1_285' title='bbox 983 3143 1106 3202; x_wconf 83' lang='lat' dir='ltr'><strong>bedellos</strong></span> 
     </span>
    </p>

    <p class='ocr_par' dir='ltr' id='par_1_9' title="bbox 194 3233 1351 3479">
     <span class='ocr_line' id='line_1_33' title="bbox 194 3233 1351 3306; baseline 0.002 -17"><span class='ocrx_word' id='word_1_286' title='bbox 194 3233 364 3290; x_wconf 87' lang='lat' dir='ltr'><strong>Conoeditur</strong></span> <span class='ocrx_word' id='word_1_287' title='bbox 387 3239 420 3289; x_wconf 84' lang='lat'><strong>14</strong></span> <span class='ocrx_word' id='word_1_288' title='bbox 443 3234 539 3289; x_wconf 87' lang='lat' dir='ltr'><strong>Martii</strong></span> <span class='ocrx_word' id='word_1_289' title='bbox 561 3233 697 3304; x_wconf 88' lang='lat' dir='ltr'><strong>magistro</strong></span> <span class='ocrx_word' id='word_1_290' title='bbox 717 3233 842 3288; x_wconf 87' lang='lat' dir='ltr'><strong>Johanni</strong></span> <span class='ocrx_word' id='word_1_291' title='bbox 862 3233 1025 3306; x_wconf 86' lang='lat' dir='ltr'><strong>Redmayne</strong></span> <span class='ocrx_word' id='word_1_292' title='bbox 1042 3233 1149 3289; x_wconf 84' lang='lat' dir='ltr'><strong>badello</strong></span> <span class='ocrx_word' id='word_1_293' title='bbox 1167 3239 1200 3290; x_wconf 86' lang='lat' dir='ltr'><strong>vt</strong></span> <span class='ocrx_word' id='word_1_294' title='bbox 1217 3235 1257 3290; x_wconf 90' lang='lat' dir='ltr'><strong>sit</strong></span> <span class='ocrx_word' id='word_1_295' title='bbox 1278 3253 1351 3291; x_wconf 86' lang='lat' dir='ltr'><strong>vnus</strong></span> 
     </span>
     <span class='ocr_line' id='line_1_34' title="bbox 264 3320 1351 3395; baseline 0.003 -19"><span class='ocrx_word' id='word_1_296' title='bbox 264 3321 490 3393; x_wconf 75' lang='lat' dir='ltr'><strong>appretiatorem</strong></span> <span class='ocrx_word' id='word_1_297' title='bbox 507 3320 649 3377; x_wconf 84' lang='lat' dir='ltr'><strong>eoademie</strong></span> <span class='ocrx_word' id='word_1_298' title='bbox 664 3322 725 3376; x_wconf 81' lang='lat' dir='ltr'><strong>viee</strong></span> <span class='ocrx_word' id='word_1_299' title='bbox 741 3321 881 3376; x_wconf 87' lang='lat' dir='ltr'><strong>Johannis</strong></span> <span class='ocrx_word' id='word_1_300' title='bbox 898 3320 1036 3392; x_wconf 81' lang='lat' dir='ltr'><strong>Ratolyffe</strong></span> <span class='ocrx_word' id='word_1_301' title='bbox 1047 3327 1077 3378; x_wconf 91' lang='lat' dir='ltr'><strong>et</strong></span> <span class='ocrx_word' id='word_1_302' title='bbox 1089 3340 1174 3395; x_wconf 85' lang='lat' dir='ltr'><strong>super</strong></span> <span class='ocrx_word' id='word_1_303' title='bbox 1189 3323 1242 3378; x_wconf 85' lang='lat' dir='ltr'><strong>hso</strong></span> <span class='ocrx_word' id='word_1_304' title='bbox 1256 3327 1351 3380; x_wconf 88' lang='lat' dir='ltr'><strong>vestra</strong></span> 
     </span>
     <span class='ocr_line' id='line_1_35' title="bbox 265 3407 1208 3479; baseline 0.001 -15"><span class='ocrx_word' id='word_1_305' title='bbox 265 3409 443 3466; x_wconf 86' lang='lat' dir='ltr'><strong>conoessione</strong></span> <span class='ocrx_word' id='word_1_306' title='bbox 456 3409 554 3465; x_wconf 87' lang='lat' dir='ltr'><strong>literas</strong></span> <span class='ocrx_word' id='word_1_307' title='bbox 566 3408 671 3464; x_wconf 84' lang='lat' dir='ltr'><strong>habeat</strong></span> <span class='ocrx_word' id='word_1_308' title='bbox 681 3407 843 3478; x_wconf 79' lang='lat' dir='ltr'><strong>obsignatas</strong></span> <span class='ocrx_word' id='word_1_309' title='bbox 855 3407 947 3479; x_wconf 84' lang='lat' dir='ltr'><strong>sigillo</strong></span> <span class='ocrx_word' id='word_1_310' title='bbox 960 3413 1054 3464; x_wconf 89' lang='lat' dir='ltr'><strong>vestro</strong></span> <span class='ocrx_word' id='word_1_311' title='bbox 1066 3411 1208 3465; x_wconf 77' lang='lat' dir='ltr'><strong>communi</strong></span> 
     </span>
    </p>

    <p class='ocr_par' dir='ltr' id='par_1_10' title="bbox 194 3495 1261 3569">
     <span class='ocr_line' id='line_1_36' title="bbox 194 3495 1261 3569; baseline 0.001 -17"><span class='ocrx_word' id='word_1_312' title='bbox 194 3497 302 3552; x_wconf 87' lang='lat' dir='ltr'><strong>Eadem</strong></span> <span class='ocrx_word' id='word_1_313' title='bbox 313 3498 405 3568; x_wconf 88' lang='lat' dir='ltr'><strong>gratia</strong></span> <span class='ocrx_word' id='word_1_314' title='bbox 416 3497 579 3552; x_wconf 88' lang='lat' dir='ltr'><strong>oonoeditur</strong></span> <span class='ocrx_word' id='word_1_315' title='bbox 590 3495 637 3569; x_wconf 74' lang='lat' dir='ltr'><strong>ij‘¹⁰</strong></span> <span class='ocrx_word' id='word_1_316' title='bbox 650 3495 719 3551; x_wconf 86' lang='lat' dir='ltr'><strong>Maii</strong></span> <span class='ocrx_word' id='word_1_317' title='bbox 731 3496 749 3551; x_wconf 88' lang='lat' dir='ltr'>J</span> <span class='ocrx_word' id='word_1_318' title='bbox 751 3514 774 3551; x_wconf 95' lang='lat' dir='ltr'><strong>o.</strong></span> <span class='ocrx_word' id='word_1_319' title='bbox 789 3495 970 3552; x_wconf 73' lang='lat' dir='ltr'><strong>Edmoimdes</strong></span> <span class='ocrx_word' id='word_1_320' title='bbox 982 3497 1042 3551; x_wconf 87' lang='lat' dir='ltr'><strong>vioe</strong></span> <span class='ocrx_word' id='word_1_321' title='bbox 1056 3497 1168 3552; x_wconf 84' lang='lat' dir='ltr'><strong>Ricardi</strong></span> <span class='ocrx_word' id='word_1_322' title='bbox 1181 3497 1261 3553; x_wconf 84' lang='lat' dir='ltr'><strong>bloke</strong></span> 
     </span>
    </p>

    <p class='ocr_par' dir='ltr' id='par_1_11' title="bbox 195 3582 1472 4006">
     <span class='ocr_line' id='line_1_37' title="bbox 195 3582 1472 3653; baseline 0.002 -11"><span class='ocrx_word' id='word_1_323' title='bbox 195 3584 365 3642; x_wconf 76' lang='lat' dir='ltr'><strong>Conceditur</strong></span> <span class='ocrx_word' id='word_1_324' title='bbox 381 3588 414 3639; x_wconf 81' lang='lat'><strong>³1</strong></span> <span class='ocrx_word' id='word_1_325' title='bbox 433 3583 503 3638; x_wconf 83' lang='lat' dir='ltr'><strong>Maii</strong></span> <span class='ocrx_word' id='word_1_326' title='bbox 522 3589 553 3637; x_wconf 86' lang='lat' dir='ltr'><strong>vt</strong></span> <span class='ocrx_word' id='word_1_327' title='bbox 571 3583 670 3638; x_wconf 88' lang='lat' dir='ltr'><strong>dootor</strong></span> <span class='ocrx_word' id='word_1_328' title='bbox 686 3582 867 3653; x_wconf 79' lang='lat' dir='ltr'><strong>Whightgylt</strong></span> <span class='ocrx_word' id='word_1_329' title='bbox 883 3587 978 3638; x_wconf 88' lang='lat' dir='ltr'><strong>vestra</strong></span> <span class='ocrx_word' id='word_1_330' title='bbox 994 3585 1161 3640; x_wconf 83' lang='lat' dir='ltr'><strong>auctoritate</strong></span> <span class='ocrx_word' id='word_1_331' title='bbox 1179 3586 1383 3644; x_wconf 81' lang='lat' dir='ltr'><strong>heosstriamf.</strong></span> <span class='ocrx_word' id='word_1_332' title='bbox 1402 3587 1436 3645; x_wconf 78' lang='lat'><strong>91</strong></span> <span class='ocrx_word' id='word_1_333' title='bbox 1454 3607 1472 3644; x_wconf 88' lang='lat' dir='ltr'><strong>a</strong></span> 
     </span>
     <span class='ocr_line' id='line_1_38' title="bbox 265 3669 1352 3742; baseline 0.004 -16"><span class='ocrx_word' id='word_1_334' title='bbox 265 3671 398 3726; x_wconf 86' lang='lat' dir='ltr'><strong>mittatur</strong></span> <span class='ocrx_word' id='word_1_335' title='bbox 414 3677 447 3726; x_wconf 88' lang='lat' dir='ltr'><strong>ut</strong></span> <span class='ocrx_word' id='word_1_336' title='bbox 464 3669 503 3726; x_wconf 91' lang='lat' dir='ltr'><strong>ibi</strong></span> <span class='ocrx_word' id='word_1_337' title='bbox 518 3669 649 3725; x_wconf 83' lang='lat' dir='ltr'><strong>seandalo</strong></span> <span class='ocrx_word' id='word_1_338' title='bbox 668 3675 797 3724; x_wconf 83' lang='lat' dir='ltr'><strong>ooourrat</strong></span> <span class='ocrx_word' id='word_1_339' title='bbox 813 3687 863 3741; x_wconf 86' lang='lat' dir='ltr'><strong>per</strong></span> <span class='ocrx_word' id='word_1_340' title='bbox 878 3669 1080 3742; x_wconf 82' lang='lat' dir='ltr'><strong>predioatorem</strong></span> <span class='ocrx_word' id='word_1_341' title='bbox 1097 3677 1223 3728; x_wconf 85' lang='lat' dir='ltr'><strong>vestrum</strong></span> <span class='ocrx_word' id='word_1_342' title='bbox 1239 3673 1306 3730; x_wconf 84' lang='lat' dir='ltr'><strong>dato</strong></span> <span class='ocrx_word' id='word_1_343' title='bbox 1322 3679 1352 3730; x_wconf 88' lang='lat' dir='ltr'><strong>at</strong></span> 
     </span>
     <span class='ocr_line' id='line_1_39' title="bbox 264 3756 1352 3832; baseline 0.004 -18"><span class='ocrx_word' id='word_1_344' title='bbox 264 3759 397 3814; x_wconf 76' lang='lat' dir='ltr'><strong>comitem</strong></span> <span class='ocrx_word' id='word_1_345' title='bbox 414 3775 511 3813; x_wconf 85' lang='lat' dir='ltr'><strong>seeum</strong></span> <span class='ocrx_word' id='word_1_346' title='bbox 527 3757 632 3813; x_wconf 87' lang='lat' dir='ltr'><strong>habeat</strong></span> <span class='ocrx_word' id='word_1_347' title='bbox 647 3773 732 3828; x_wconf 90' lang='lat' dir='ltr'><strong>quem</strong></span> <span class='ocrx_word' id='word_1_348' title='bbox 749 3756 804 3812; x_wconf 91' lang='lat' dir='ltr'><strong>sibi</strong></span> <span class='ocrx_word' id='word_1_349' title='bbox 820 3757 930 3828; x_wconf 89' lang='lat' dir='ltr'><strong>eligerit</strong></span> <span class='ocrx_word' id='word_1_350' title='bbox 946 3758 1033 3814; x_wconf 85' lang='lat' dir='ltr'><strong>sicvt</strong></span> <span class='ocrx_word' id='word_1_351' title='bbox 1048 3775 1145 3814; x_wconf 90' lang='lat' dir='ltr'><strong>omnes</strong></span> <span class='ocrx_word' id='word_1_352' title='bbox 1161 3778 1281 3832; x_wconf 84' lang='lat' dir='ltr'><strong>expense</strong></span> <span class='ocrx_word' id='word_1_353' title='bbox 1296 3762 1352 3818; x_wconf 83' lang='lat' dir='ltr'><strong>illis</strong></span> 
     </span>
     <span class='ocr_line' id='line_1_40' title="bbox 265 3845 1352 3921; baseline 0.001 -19"><span class='ocrx_word' id='word_1_354' title='bbox 265 3847 420 3902; x_wconf 85' lang='lat' dir='ltr'><strong>ellooentur</strong></span> <span class='ocrx_word' id='word_1_355' title='bbox 440 3864 491 3919; x_wconf 90' lang='lat' dir='ltr'><strong>per</strong></span> <span class='ocrx_word' id='word_1_356' title='bbox 507 3845 654 3901; x_wconf 89' lang='lat' dir='ltr'><strong>dominum</strong></span> <span class='ocrx_word' id='word_1_357' title='bbox 674 3845 921 3917; x_wconf 82' lang='lat' dir='ltr'><strong>prooanoellaiium</strong></span> <span class='ocrx_word' id='word_1_358' title='bbox 940 3846 1084 3901; x_wconf 83' lang='lat' dir='ltr'><strong>doctorem</strong></span> <span class='ocrx_word' id='word_1_359' title='bbox 1099 3847 1189 3903; x_wconf 86' lang='lat' dir='ltr'><strong>Kelke</strong></span> <span class='ocrx_word' id='word_1_360' title='bbox 1205 3853 1235 3903; x_wconf 90' lang='lat' dir='ltr'><strong>et</strong></span> <span class='ocrx_word' id='word_1_361' title='bbox 1251 3851 1352 3921; x_wconf 87' lang='lat' dir='ltr'><strong>magis·</strong></span> 
     </span>
     <span class='ocr_line' id='line_1_41' title="bbox 267 3934 1060 4006; baseline -0.009 -16"><span class='ocrx_word' id='word_1_362' title='bbox 267 3940 346 3990; x_wconf 88' lang='lat' dir='ltr'><strong>trum</strong></span> <span class='ocrx_word' id='word_1_363' title='bbox 364 3934 550 4006; x_wconf 78' lang='lat' dir='ltr'><strong>Iongeworth</strong></span> <span class='ocrx_word' id='word_1_364' title='bbox 1055 3968 1060 3976; x_wconf 83' lang='lat'>.</span> 
     </span>
    </p>

    <p class='ocr_par' dir='ltr' id='par_1_12' title="bbox 196 4019 1352 4361">
     <span class='ocr_line' id='line_1_42' title="bbox 196 4019 1352 4093; baseline 0.003 -15"><span class='ocrx_word' id='word_1_365' title='bbox 196 4021 366 4079; x_wconf 80' lang='lat' dir='ltr'><strong>Conceditur</strong></span> <span class='ocrx_word' id='word_1_366' title='bbox 383 4021 483 4077; x_wconf 73' lang='lat' dir='ltr'><strong>mdem</strong></span> <span class='ocrx_word' id='word_1_367' title='bbox 500 4021 635 4092; x_wconf 88' lang='lat' dir='ltr'><strong>magistro</strong></span> <span class='ocrx_word' id='word_1_368' title='bbox 653 4019 830 4075; x_wconf 88' lang='lat' dir='ltr'><strong>Claribaohio</strong></span> <span class='ocrx_word' id='word_1_369' title='bbox 849 4026 881 4074; x_wconf 85' lang='lat' dir='ltr'><strong>vt</strong></span> <span class='ocrx_word' id='word_1_370' title='bbox 900 4019 1003 4075; x_wconf 84' lang='lat' dir='ltr'><strong>habeat</strong></span> <span class='ocrx_word' id='word_1_371' title='bbox 1023 4021 1121 4076; x_wconf 82' lang='lat' dir='ltr'><strong>literas</strong></span> <span class='ocrx_word' id='word_1_372' title='bbox 1138 4023 1242 4093; x_wconf 76' lang='lat' dir='ltr'><strong>gradm</strong></span> <span class='ocrx_word' id='word_1_373' title='bbox 1259 4025 1304 4080; x_wconf 86' lang='lat' dir='ltr'><strong>eui</strong></span> <span class='ocrx_word' id='word_1_374' title='bbox 1322 4031 1352 4081; x_wconf 91' lang='lat' dir='ltr'><strong>et</strong></span> 
     </span>
     <span class='ocr_line' id='line_1_43' title="bbox 267 4107 1269 4182; baseline 0 -16"><span class='ocrx_word' id='word_1_375' title='bbox 267 4109 487 4166; x_wconf 84' lang='lat' dir='ltr'><strong>eonvereationis</strong></span> <span class='ocrx_word' id='word_1_376' title='bbox 505 4107 709 4163; x_wconf 75' lang='lat' dir='ltr'><strong>tmtimonialee</strong></span> <span class='ocrx_word' id='word_1_377' title='bbox 727 4107 818 4178; x_wconf 91' lang='lat' dir='ltr'><strong>sigillo</strong></span> <span class='ocrx_word' id='word_1_378' title='bbox 836 4111 929 4163; x_wconf 85' lang='lat' dir='ltr'><strong>vestro</strong></span> <span class='ocrx_word' id='word_1_379' title='bbox 947 4110 1091 4163; x_wconf 85' lang='lat' dir='ltr'><strong>communi</strong></span> <span class='ocrx_word' id='word_1_380' title='bbox 1108 4108 1269 4182; x_wconf 86' lang='lat' dir='ltr'><strong>obsignatae</strong></span> 
     </span>
     <span class='ocr_line' id='line_1_44' title="bbox 197 4195 1352 4271; baseline 0.003 -17"><span class='ocrx_word' id='word_1_381' title='bbox 197 4198 366 4254; x_wconf 88' lang='lat' dir='ltr'><strong>Conoeditur</strong></span> <span class='ocrx_word' id='word_1_382' title='bbox 386 4198 446 4269; x_wconf 82' lang='lat' dir='ltr'>xvj⁰</span> <span class='ocrx_word' id='word_1_383' title='bbox 466 4197 483 4252; x_wconf 86' lang='lat' dir='ltr'>J</span> <span class='ocrx_word' id='word_1_384' title='bbox 487 4198 546 4253; x_wconf 90' lang='lat' dir='ltr'><strong>unii</strong></span> <span class='ocrx_word' id='word_1_385' title='bbox 565 4202 597 4253; x_wconf 91' lang='lat' dir='ltr'><strong>vt</strong></span> <span class='ocrx_word' id='word_1_386' title='bbox 615 4196 749 4252; x_wconf 84' lang='lat' dir='ltr'><strong>hodierna</strong></span> <span class='ocrx_word' id='word_1_387' title='bbox 765 4195 923 4267; x_wconf 85' lang='lat' dir='ltr'><strong>disputatio</strong></span> <span class='ocrx_word' id='word_1_388' title='bbox 941 4197 1101 4252; x_wconf 85' lang='lat' dir='ltr'><strong>intermissa</strong></span> <span class='ocrx_word' id='word_1_389' title='bbox 1118 4203 1234 4269; x_wconf 88' lang='lat' dir='ltr'><strong>propter</strong></span> <span class='ocrx_word' id='word_1_390' title='bbox 1256 4203 1352 4271; x_wconf 87' lang='lat' dir='ltr'><strong>gravia</strong></span> 
     </span>
     <span class='ocr_line' id='line_1_45' title="bbox 265 4284 1352 4361; baseline 0.004 -20"><span class='ocrx_word' id='word_1_391' title='bbox 265 4285 406 4341; x_wconf 83' lang='lat' dir='ltr'><strong>academie</strong></span> <span class='ocrx_word' id='word_1_392' title='bbox 422 4285 535 4355; x_wconf 84' lang='lat' dir='ltr'><strong>negooia</strong></span> <span class='ocrx_word' id='word_1_393' title='bbox 550 4289 698 4340; x_wconf 78' lang='lat' dir='ltr'><strong>censeatur</strong></span> <span class='ocrx_word' id='word_1_394' title='bbox 714 4303 765 4355; x_wconf 87' lang='lat' dir='ltr'><strong>pro</strong></span> <span class='ocrx_word' id='word_1_395' title='bbox 781 4284 878 4339; x_wconf 86' lang='lat' dir='ltr'><strong>habita</strong></span> <span class='ocrx_word' id='word_1_396' title='bbox 892 4285 985 4356; x_wconf 80' lang='lat' dir='ltr'><strong>quoad</strong></span> <span class='ocrx_word' id='word_1_397' title='bbox 1001 4287 1169 4356; x_wconf 86' lang='lat' dir='ltr'><strong>magistrum</strong></span> <span class='ocrx_word' id='word_1_398' title='bbox 1188 4289 1237 4359; x_wconf 90' lang='lat' dir='ltr'><strong>qui</strong></span> <span class='ocrx_word' id='word_1_399' title='bbox 1255 4289 1352 4361; x_wconf 89' lang='lat' dir='ltr'><strong>dispu-</strong></span> 
     </span>
    </p>

    <p class='ocr_par' dir='ltr' id='par_1_13' title="bbox 266 4371 519 4428">
     <span class='ocr_line' id='line_1_46' title="bbox 266 4371 519 4428; baseline -0.004 0"><span class='ocrx_word' id='word_1_400' title='bbox 266 4378 342 4428; x_wconf 86' lang='lat' dir='ltr'><strong>taret</strong></span> <span class='ocrx_word' id='word_1_401' title='bbox 354 4377 384 4428; x_wconf 89' lang='lat' dir='ltr'><strong>et</strong></span> <span class='ocrx_word' id='word_1_402' title='bbox 396 4371 519 4428; x_wconf 87' lang='lat' dir='ltr'><strong>bedellos</strong></span> 
     </span>
    </p>
   </div>
   <div class='ocr_carea' id='block_1_3' title="bbox 0 0 1712 5114">
    <p class='ocr_par' dir='ltr' id='par_1_14' title="bbox 0 0 1712 5114">
     <span class='ocr_line' id='line_1_47' title="bbox 0 0 1712 5114; baseline 0 0"><span class='ocrx_word' id='word_1_403' title='bbox 0 0 1712 5114; x_wconf 95' lang='lat' dir='ltr'><strong> </strong></span> 
     </span>
    </p>
   </div>
  </div>
 </body>
</html>
