3378 5116
344 327 407 390 158
776 341 890 390 saaca
913 342 1006 391 soon
1029 344 1052 391 Δ
1333 328 1499 413 [1561-62

223 499 329 558 f.65b
343 498 529 568 Dispensatnr
547 501 565 553 9
585 497 655 552 Jnlii
676 515 741 553 cum
764 497 898 568 magistro
917 497 1046 552 Johnson
1070 516 1121 570 pro
1139 515 1266 554 sermone
1284 497 1320 553 sd
1339 499 1444 553 clerum
1463 497 1499 552 ad

412 602 497 655 quem
515 589 629 640 tenetur
646 585 687 640 sic
705 589 737 638 vt
755 584 847 639 solvat
864 584 1042 639 rniuersitati
1061 603 1121 639 xxs

342 671 539 745 Concediturj
560 673 629 727 Maii
649 671 768 727 Ricardo
791 673 896 742 Rogers
919 671 1115 727 archidiacono
1133 671 1306 742 Asssphensi
1324 677 1356 727 vt
1373 673 1499 728 studium

412 781 430 817 x
444 779 583 818 annornm
600 764 630 818 in
645 762 785 833 theologia
802 766 868 833 post
883 761 1001 832 gradum
1017 761 1194 817 bachalaurei
1212 762 1240 816 in
1258 761 1367 816 artibus
1385 762 1500 818 Osoniis

412 855 576 922 srrscaptum
600 867 665 904 cum
690 848 915 920 oppositionibus
939 849 1167 922 responsionibus
1190 850 1365 905 sermonibus
1385 854 1415 904 et
1438 851 1501 906 aliis

413 937 554 994 exercitiis
575 955 625 1008 per
645 937 720 1008 regia
744 941 855 992 statuta
873 937 1017 1008 requisitis
1035 937 1210 1008 perficiendis
1228 937 1301 992 infra
1322 955 1428 993 aunum
1447 937 1501 993 snb

412 1046 485 1099 pena
502 1027 536 1081 1¹¹
553 1026 684 1099 ponenda
704 1027 733 1081 iu
753 1027 885 1082 manibus
902 1032 1115 1098 procuratorum
1133 1030 1200 1081 ante
1221 1027 1282 1082 eius
1302 1026 1499 1082 admissionem

412 1117 534 1173 sufficiat
545 1117 570 1170 ei
583 1121 643 1170 tam
656 1115 692 1170 ad
708 1115 907 1187 opponendum
924 1134 1010 1187 quam
1027 1115 1062 1171 ad
1075 1114 1239 1171 intrandum
1256 1116 1285 1170 in
1301 1115 1398 1171 mdem
1414 1116 1500 1171 iscul-

412 1209 473 1259 tate
496 1204 536 1258 sic
561 1208 656 1259 tamen
673 1208 707 1258 vt
727 1205 899 1259 admittatur
919 1211 986 1259 ante
1009 1205 1124 1259 comitia
1143 1203 1270 1275 proxima
1288 1204 1453 1259 convivetur
1470 1205 1499 1260 in

412 1291 527 1346 eiisdem
539 1294 569 1345 et
582 1291 739 1346 satisfaciat
750 1291 891 1346 officiariis
927 1290 1077 1346 Admissus
1089 1291 1130 1345 νὼ
1141 1290 1159 1345 J
1161 1291 1211 1346 ulii
1224 1291 1368 1360 (forisfecit
1380 1292 1478 1364 marg.)

342 1379 513 1436 Conceditur
525 1380 660 1450 magistro
671 1378 764 1434 Alano
778 1379 832 1434 Par
844 1384 876 1434 vt
891 1379 1018 1434 studium
1031 1379 1059 1433 vi
1075 1396 1212 1435 annornm
1230 1380 1259 1434 iu
1271 1397 1350 1434 sacre
1362 1379 1501 1451 theologis

412 1474 563 1540 postquam
582 1469 684 1523 rexerit
702 1469 732 1523 in
749 1467 859 1524 artibus
877 1487 941 1524 oum
960 1468 1184 1540 oppositionibus
1201 1468 1429 1540 responsionibus
1444 1488 1500 1523 vno

412 1575 539 1612 sermone
550 1557 587 1612 ad
601 1557 738 1630 populum
750 1561 780 1612 et
795 1558 884 1612 altero
896 1556 932 1612 ad
944 1575 1054 1612 crucem
1067 1557 1125 1613 divi
1144 1557 1223 1612 Pauli
1236 1575 1286 1628 per
1302 1558 1377 1628 regia
1389 1561 1499 1614 statuta

413 1645 558 1716 requisitis
570 1650 599 1700 et
612 1663 667 1700 vno
679 1663 806 1701 sermone
818 1645 853 1701 ad
866 1646 971 1702 clerum
987 1645 1153 1717 perficiendo
1165 1646 1210 1700 ‹lie
1227 1645 1344 1701 Veneris
1355 1647 1386 1701 in
1398 1654 1500 1718 quarta

411 1733 571 1804 septimana
587 1733 711 1804 proxime
728 1734 940 1805 quadragesime
957 1733 1010 1788 snb
1026 1751 1099 1805 pena
1110 1733 1168 1805 iiij¹¹
1184 1735 1312 1806 ponenda
1325 1735 1353 1790 in
1369 1735 1500 1791 manibus

411 1826 624 1894 procuratorum
637 1827 703 1878 ante
715 1823 776 1878 elus
790 1823 990 1879 admissionem
1007 1825 1127 1879 sufficiat
1143 1825 1168 1880 ei
1182 1829 1241 1879 tam
1253 1824 1289 1880 ad
1302 1825 1499 1896 opponendum

411 1928 498 1982 qnam
511 1911 547 1966 ed
560 1911 724 1967 intrandum
737 1913 766 1967 in
779 1931 858 1967 sacra
870 1913 1010 1984 theologia
1022 1914 1141 1985 (peregit
1152 1914 1247 1969 omnis
1258 1916 1357 1987 swrg.)

255 2003 328 2062 r&
341 1999 414 2057 Vide
426 2001 479 2055 hoo
490 2000 602 2072 signum
615 2001 645 2056 in
658 2003 785 2072 proxima
796 2002 900 2074 pagina

549 2369 717 2434 Numerus
739 2369 1043 2436 bacchalauroorum
1066 2372 1099 2437 iu
1123 2371 1288 2459 theologia

536 2550 630 2620 ¹Daye
877 2550 1005 2607 Johnson
1183 2553 1287 2624 Rogers

552 2638 768 2710 Hethsryngtou
875 2649 916 2694 mr
928 2639 1037 2695 Burton
1183 2641 1238 2696 Par

552 2725 666 2781 Hutton
874 2727 981 2782 Gsrthe

561 3081 675 3147 Gratis
698 3083 785 3148 varie
807 3106 872 3149 non
894 3095 1122 3152 concernentes
1142 3081 1281 3174 gradum

338 3269 509 3326 Conceditur
531 3289 549 3324 x
574 3270 705 3327 Octobris
728 3278 761 3328 vt
784 3275 918 3344 magister
941 3275 1014 3331 Sons
1041 3277 1173 3349 suppleat
1196 3279 1271 3336 vices
1290 3279 1412 3351 junioris
1436 3301 1497 3355 pro·

410 3359 547 3415 curatoris
564 3360 594 3414 iu
613 3359 665 3415 hoc
683 3361 820 3417 scrutinio
838 3369 951 3419 tsntum

340 3449 510 3504 Conceditur
525 3449 573 3520 xiij
588 3450 718 3505 Octobris
734 3455 766 3506 vt
782 3450 910 3508 doctores
928 3453 1016 3510 Perna
1033 3456 1123 3528 Porye
1133 3463 1163 3513 et
1179 3458 1307 3531 Gasooyn
1323 3464 1354 3515 ot
1364 3463 1498 3532 magister

412 3537 500 3592 ledes
515 3537 574 3593 siut
590 3537 696 3594 iudices
712 3540 831 3610 delegati
844 3543 874 3597 in
889 3560 974 3598 causa
987 3547 1176 3602 controuersie
1190 3549 1296 3619 agitate
1311 3549 1386 3606 inter
1397 3552 1497 3622 magis·

410 3631 488 3682 trum
505 3625 649 3682 Badcocke
661 3631 690 3682 et
709 3627 876 3698 magistrum
889 3629 1098 3702 Worthyngton
1115 3634 1155 3689 sio
1171 3643 1204 3690 vt
1215 3636 1305 3691 maior
1321 3655 1386 3709 pars
1400 3657 1496 3696 eorum

410 3715 569 3770 consentiat

339 3801 509 3858 Conceditur
530 3801 627 3856 eodem
646 3807 679 3857 rt
699 3804 833 3874 magister
850 3804 943 3860 Baker
959 3809 1120 3878 prepositus
1137 3809 1244 3881 collegii
1267 3812 1346 3884 Regii
1365 3817 1498 3888 magister

411 3889 549 3944 Beamout
560 3890 695 3960 magister
707 3891 814 3961 collegii
827 3891 930 3948 Sancte
942 3892 1092 3950 Trinitatis
1106 3897 1240 3967 magister
1251 3899 1352 3956 Stokes
1364 3903 1498 3974 magister

410 3976 517 4048 collegii
531 3975 673 4048 Reginalis
684 3978 819 4049 magister
832 3979 965 4036 Hawford
983 3983 1116 4053 magister
1127 3985 1234 4056 collegii
1246 3987 1353 4042 Christi
1366 3991 1499 4061 magister

411 4061 499 4117 ledes
511 4063 644 4133 magister
655 4063 719 4119 aule
736 4063 817 4120 Olars
829 4070 859 4120 et
875 4067 1009 4138 magister
1026 4068 1124 4125 Ebdeu
1142 4071 1202 4126 sint
1214 4071 1319 4128 indices
1330 4073 1450 4146 delegati
1466 4078 1496 4133 in

410 4169 495 4206 causa
515 4151 713 4223 appellationis
736 4153 773 4208 ob
796 4154 931 4211 electione
946 4157 1067 4228 junioris
1085 4161 1274 4230 procuratoris
1292 4162 1334 4217 ita
1357 4168 1390 4219 vt
1408 4167 1497 4222 maior

410 4257 475 4311 pars
486 4257 583 4294 eorum
596 4243 753 4298 consentiat
765 4244 837 4298 citra
849 4245 954 4301 festum
966 4249 1057 4303 sancti
1071 4249 1145 4304 Luce
1156 4251 1326 4321 evangeliste
1337 4253 1495 4324 proximum

382 4387 392 4422 ¹
409 4388 493 4438 These
509 4403 601 4438 names
617 4405 661 4440 ars
678 4391 780 4442 written
798 4393 826 4442 in
843 4409 893 4444 one
909 4396 1015 4446 column
1031 4398 1110 4462 along
1128 4399 1172 4450 the
1188 4399 1289 4452 buttem
1306 4403 1335 4453 ol
1349 4404 1368 4456 l.
1388 4407 1419 4456 65
1431 4421 1456 4459 a.
