3376 5108
181 371 348 456 1554-55]
609 390 722 441 osnes
744 392 837 442 soor
860 393 884 441 Δ

556 815 713 884 Doctores
736 821 770 883 in
792 819 954 886 medicina

179 1001 215 1058 In
233 1003 333 1074 primis
351 1003 515 1059 conceditur
529 1002 645 1060 domino
662 1005 784 1062 Bownde
795 1011 827 1062 vt
843 1008 971 1063 studium
987 1025 1035 1063 ser
1052 1027 1191 1065 annorum
1207 1010 1236 1064 in
1250 1011 1335 1066 medi·

250 1091 321 1147 cinis
332 1110 350 1147 a
361 1090 597 1148 bacchalaureatu
608 1093 645 1148 ad
658 1095 766 1165 praedm
779 1113 797 1150 a
809 1094 888 1150 vobis
900 1114 1061 1152 concessam
1074 1096 1128 1152 sub
1140 1099 1231 1170 sigillo
1243 1104 1336 1154 vestro

250 1181 392 1236 communi
405 1184 435 1236 et
447 1185 463 1238 7
476 1199 613 1237 annorum
631 1189 783 1254 postquam
799 1183 963 1240 licentiatus
977 1185 1063 1241 luerit
1075 1187 1111 1242 ad
1123 1186 1335 1258 practicandum

248 1269 369 1324 sufficiat
380 1268 435 1325 sibi
448 1270 483 1325 ad
495 1269 690 1342 incipiendum
703 1273 732 1326 in
745 1271 842 1327 eadem
856 1273 992 1328 facultate

178 1352 254 1408 Item
272 1353 434 1409 comeditur
453 1355 587 1425 magistro
606 1355 694 1426 Fryer
710 1360 744 1409 vt
761 1356 890 1412 studium
909 1360 925 1415 7
944 1375 1082 1413 annorum
1101 1359 1131 1412 in
1149 1363 1210 1414 arte
1228 1358 1336 1414 medica

249 1446 400 1512 postquam
421 1441 524 1496 rexerit
545 1442 575 1495 in
597 1441 708 1496 artibus
729 1443 851 1499 sufficiat
872 1445 898 1498 ei
919 1443 955 1498 ad
976 1445 1169 1517 incipiendum
1189 1446 1218 1499 in
1238 1445 1335 1500 eadem

249 1527 383 1582 facultate
1053 1531 1055 1534 ’

546 1912 703 1978 Doctores
725 1914 760 1980 in
778 1914 853 1999 jure
875 1914 965 1980 ciuili

178 2096 214 2152 In
240 2099 339 2169 primis
364 2099 526 2154 comeditur
543 2101 679 2171 magistro
701 2101 851 2172 Dunuinge
876 2103 1040 2158 cancellario
1061 2102 1285 2158 reuerendissimi
1304 2103 1334 2158 in

249 2183 364 2240 Christo
382 2187 473 2258 petris
491 2188 614 2259 episcopi
636 2187 824 2244 Norwicencis
841 2194 873 2244 vt
889 2190 1016 2245 studium
1036 2195 1051 2248 7
1069 2208 1208 2245 annorum
1226 2191 1255 2245 in
1270 2191 1334 2262 jure

250 2274 327 2328 ciuili
344 2280 409 2347 post
424 2277 486 2331 eius
503 2277 653 2332 introitum
665 2278 695 2332 in
707 2277 804 2332 eadem
818 2278 953 2334 facultate
969 2279 1090 2334 sufficiat
1106 2281 1132 2335 ei
1148 2279 1184 2335 ad
1200 2281 1333 2351 incipien-

249 2361 317 2417 dum
330 2364 360 2417 in
373 2364 470 2419 eodem
483 2364 548 2435 jure

179 2450 255 2504 Item
275 2451 439 2507 conceditur
457 2453 549 2508 eidem
569 2460 601 2508 vt
619 2455 710 2526 possit
728 2455 842 2511 admitti
862 2457 942 2511 iuxta
961 2461 1088 2511 tenorem
1107 2457 1196 2526 gratie
1214 2455 1269 2511 sibi
1288 2475 1333 2512 su·

249 2540 350 2610 periori
375 2539 421 2595 die
444 2559 575 2597 concesse
617 2543 655 2598 Et
679 2545 814 2614 quoniam
838 2545 1046 2600 commitiorum
1070 2549 1196 2616 tempore
1221 2551 1334 2617 propter

248 2628 359 2683 futuras
377 2629 557 2684 visitacicnes
577 2630 718 2686 dioceseos
738 2633 964 2688 reuerendissimi
984 2633 1091 2689 domini
1110 2634 1155 2688 sui
1174 2634 1264 2689 tantis
1281 2636 1333 2691 im-

249 2715 401 2786 plicabitur
427 2723 457 2772 et
483 2719 663 2789 prepedietur
689 2721 811 2791 negociis
836 2725 868 2775 vt
892 2725 961 2776 tunc
987 2722 1121 2793 temporis
1146 2721 1224 2776 nullo
1250 2722 1334 2778 modo

250 2807 347 2862 adesse
370 2809 461 2879 possit
485 2810 558 2880 petit
581 2827 599 2864 a
624 2808 703 2864 vobis
727 2814 760 2863 vt
784 2809 860 2864 illius
886 2809 1021 2866 admissio
1047 2816 1105 2867 stet
1129 2811 1154 2866 ei
1180 2829 1230 2883 pro
1259 2829 1333 2866 com·

248 2896 332 2967 pletis
347 2897 436 2968 modu
452 2906 482 2952 et
498 2898 588 2953 forma
604 2897 645 2952 sic
661 2897 735 2970 quod
753 2898 910 2953 satisfaciat
927 2899 1067 2954 officiariis
1083 2904 1113 2954 et
1128 2900 1221 2956 solvat
1236 2902 1333 2956 aerario

247 2986 389 3040 communi
407 2985 445 3040 xl⁸

555 3361 712 3426 Doctores
734 3361 769 3425 in
792 3360 957 3447 theologia

176 3549 251 3604 Item
269 3549 432 3604 conceditur
450 3549 584 3620 magistro
603 3549 679 3604 Bane
693 3554 725 3604 vt
742 3550 869 3606 studium
884 3569 902 3605 x
914 3568 1050 3607 annorum
1066 3551 1095 3606 in
1111 3553 1251 3624 theologia
1266 3559 1331 3625 post

248 3639 307 3693 eius
323 3637 472 3692 introitum
489 3637 518 3692 in
535 3636 621 3692 libros
635 3639 841 3693 sententiarum
852 3639 973 3693 sufficiat
985 3639 1010 3694 ei
1022 3656 1074 3711 pro
1085 3640 1231 3711 completis
1242 3641 1331 3712 gradu

246 3730 276 3781 et
288 3726 377 3781 forma
388 3725 552 3780 doctoratus
564 3725 594 3780 in
607 3726 703 3780 eadem
716 3726 852 3782 facultate

176 3817 252 3871 Item
267 3815 430 3870 conceditur
445 3813 536 3870 eidem
548 3819 580 3870 vt
594 3816 684 3886 possit
700 3816 814 3871 admitti
830 3816 910 3871 iuxta
922 3821 1047 3872 tenorem
1059 3821 1088 3872 et
1100 3817 1229 3872 effectum
1242 3818 1331 3887 gratie

247 3903 302 3959 sibi
322 3905 458 3976 superiori
478 3905 525 3960 die
546 3921 675 3960 concesse
696 3909 775 3960 extra
794 3904 986 3960 achademiam
1006 3906 1050 3961 vel
1068 3925 1086 3961 a
1104 3923 1216 3962 summo
1234 3911 1331 3961 nostro

247 3993 419 4049 cancellario
437 3992 614 4049 Wintonensi
632 3993 762 4065 episcopo
781 3995 965 4049 Dunelmensi
983 3995 1027 4050 vel
1045 3995 1212 4050 cicestrensi

176 4081 250 4136 Item
263 4081 425 4137 conceditur
433 4087 466 4136 vt
475 4081 572 4136 doctor
580 4081 696 4136 Weston
705 4081 827 4136 decanus
834 4081 1144 4138 westmonasteriensis
1152 4083 1191 4138 sit
1200 4083 1245 4138 hic
1253 4084 1329 4155 apud

247 4187 296 4224 vos
308 4170 338 4224 in
351 4169 447 4224 eodem
459 4169 547 4239 gradu
559 4187 615 4240 quo
627 4170 719 4224 fuerat
731 4169 847 4225 Oxoniis

176 4259 251 4313 Item
269 4260 293 4313 it
311 4259 335 4313 is
353 4258 490 4328 maunted
512 4258 576 4313 that
592 4259 628 4314 he
644 4276 709 4330 may
723 4259 757 4314 be
773 4258 911 4314 admitted
928 4260 1061 4332 acording
1075 4266 1106 4315 to
1122 4261 1172 4316 the
1187 4261 1330 4317 scurrus&

245 4353 344 4403 tenure
360 4349 392 4403 os
406 4357 436 4419 γ’
452 4347 580 4419 forsayde
597 4365 678 4419 grace
695 4347 837 4418 grawmed
849 4352 919 4402 vnto
931 4348 1000 4420 hym
1017 4358 1048 4421 y⁸
1060 4349 1117 4404 lust
1128 4367 1193 4421 yere
1229 4347 1330 4405 buthe

244 4435 335 4508 payde
346 4439 398 4490 not
410 4452 464 4490 one
475 4452 565 4508 penye
