3408 5116
803 391 917 442 unios
940 392 1032 440 soon
1055 393 1078 440 Δ
1354 375 1520 462 [1575-76

690 761 779 828 Ordo
800 759 1003 826 seuioritetis
1029 759 1189 844 (morpin)

646 949 751 1002 Doctor
764 949 877 1003 Broune
1030 948 1136 1002 Doctor
1148 948 1236 1003 Wood

647 1037 753 1092 Doctor
766 1036 877 1107 Doding
1031 1035 1136 1090 Doctor
1150 1036 1261 1090 Hesthe

692 1427 924 1492 Baoohelaurei
952 1427 986 1492 in
1008 1426 1085 1513 jure
1110 1426 1199 1492 civili

365 1615 535 1672 Conceditur
547 1619 576 1671 3⁰
589 1614 733 1672 Februarii
747 1615 870 1670 Henrioo
883 1615 1089 1671 Wheuteoroite
1105 1618 1138 1671 vt
1153 1615 1282 1671 studium
1298 1621 1315 1670 b
1331 1633 1470 1671 snnorum
1490 1616 1519 1670 in

435 1707 495 1761 iure
512 1705 589 1760 civili
607 1723 671 1761 cuin
692 1704 921 1777 opposicionibus
939 1704 1169 1777 responsionibus
1184 1709 1214 1760 et
1230 1705 1294 1760 sliis
1312 1705 1451 1760 exereitiis
1470 1722 1520 1776 per

434 1799 544 1851 statute
560 1796 703 1867 requisitis
719 1797 841 1851 sufficiet
857 1796 883 1850 ei
900 1796 935 1852 ed
953 1795 1118 1851 intrandum
1135 1796 1165 1850 in
1182 1794 1280 1851 eodem
1296 1796 1356 1850 iure
1371 1795 1413 1850 sio
1429 1799 1461 1850 rt
1477 1811 1519 1850 re·

434 1885 571 1957 spondeat
583 1886 612 1940 in
625 1885 726 1940 habitu
739 1885 932 1942 booohsleuroi

365 1973 470 2029 Eisdem
487 1974 579 2044 gretie
594 1974 758 2029 eonoeditur
773 1975 871 2030 eodem
887 1975 929 2030 ιῘο.
947 1973 1085 2029 Gurdiner
1136 1973 1293 2029 Presentsti
1310 1990 1361 2044 per
1377 1971 1520 2027 doctorem

436 2062 525 2133 Binge

732 2455 890 2520 Doctores
914 2456 948 2519 in
969 2455 1044 2540 jure
1069 2455 1157 2520 civili

366 2648 537 2703 Oouoeditur
548 2653 566 2702 3
579 2648 724 2704 Februarii
737 2650 872 2719 magistro
884 2648 1025 2703 Willelnio
1044 2650 1144 2721 Lewyn
1160 2653 1191 2703 vt
1203 2649 1329 2705 studium
1348 2651 1365 2702 8
1381 2661 1520 2702 annorum

436 2736 465 2790 in
481 2737 545 2806 jure
563 2737 639 2791 civili
658 2741 809 2808 postquem
825 2737 928 2791 rexerit
945 2737 974 2791 in
993 2737 1103 2792 artibus
1119 2754 1182 2792 oum
1199 2755 1254 2792 vna
1269 2736 1448 2808 responsione
1463 2734 1521 2788 iem

435 2829 550 2896 per-sote
562 2842 618 2878 vns
629 2826 808 2896 oppositione
819 2823 955 2880 hodierne
966 2825 1012 2880 die
1025 2825 1182 2896 peragendo
1194 2825 1324 2880 etaltera
1340 2823 1521 2895 responsione

434 2913 564 2969 habende
576 2915 606 2968 in
618 2915 753 2986 vesperiie
764 2915 944 2969 comitiorum
956 2915 1077 2971 sufficiet
1088 2916 1114 2970 ei
1127 2914 1163 2969 nd
1176 2913 1366 2986 incipiendum
1380 2913 1409 2966 in
1422 2911 1520 2966 eodeni

430 3003 548 3074 jorseio
561 3007 593 3058 vt
605 3001 777 3058 admittetur
788 3002 824 3057 ud
837 3003 973 3075 plseiturn
991 3007 1059 3058 ante
1075 3003 1191 3058 comitis
1208 3003 1335 3073 proximo
1376 3000 1522 3056 Preseuts·

436 3098 484 3148 tus
495 3093 593 3148 eodem
605 3111 656 3165 per
668 3093 810 3148 doctorem
824 3093 897 3164 Biug

365 3182 536 3238 Conoeditur
555 3185 570 3239 7
591 3182 688 3237 Martii
710 3183 846 3253 magistro
864 3184 907 3238 do.
929 3183 1007 3254 Dsye
1025 3187 1058 3239 vt
1075 3181 1203 3238 studium
1222 3186 1237 3239 7
1256 3197 1395 3236 annorum
1413 3180 1444 3234 in
1462 3179 1523 3234 iure

436 3271 512 3326 civili
524 3277 675 3342 postquem
689 3272 791 3326 rexerit
803 3271 832 3326 in
845 3271 956 3326 ortibus
967 3289 1032 3325 oum
1049 3269 1277 3342 oppositionibus
1292 3267 1521 3340 responsionibus

435 3364 465 3416 et
477 3361 540 3416 aliis
552 3359 693 3415 exercitiis
706 3377 755 3430 per
766 3363 878 3415 statuto
890 3360 1035 3430 requisitis
1048 3359 1169 3414 sufficiet
1185 3359 1211 3413 ei
1228 3357 1264 3412 sd
1281 3356 1473 3428 incipiendum
1490 3356 1521 3410 in

436 3447 533 3504 eodem
543 3448 607 3518 jure
645 3448 827 3502 Preseutntus
839 3465 889 3518 per
900 3448 1043 3503 doctorem
1057 3446 1157 3516 Bingt
1171 3445 1240 3500 Maii

366 3537 536 3594 Conceditur
555 3541 589 3591 18
608 3536 677 3591 Maii
695 3536 831 3607 magistro
849 3537 893 3591 Jo.
914 3535 1023 3590 Beeoon
1042 3534 1187 3590 reuerendi
1205 3534 1235 3589 iu
1254 3533 1368 3589 Christo
1385 3533 1475 3604 petris
1492 3537 1522 3586 et

436 3625 543 3680 domini
555 3624 662 3679 domini
674 3624 798 3696 episcopi
812 3624 836 3679 N
841 3623 995 3679 orvioensis
1007 3623 1174 3678 oenoesserio
1190 3629 1223 3677 vt
1238 3620 1364 3677 studium
1384 3625 1418 3675 10
1436 3637 1522 3676 enno·

437 3732 499 3768 rum
514 3714 544 3767 iu
557 3715 617 3768 iure
632 3714 708 3768 civili
726 3721 877 3786 postquem
894 3713 997 3767 rexerit
1013 3713 1043 3766 in
1059 3710 1170 3766 artibus
1188 3728 1253 3765 cum
1270 3727 1326 3764 vus
1342 3709 1522 3780 responsione

436 3803 558 3857 sufficiat
578 3804 604 3857 ei
624 3802 660 3858 od
681 3803 872 3874 incipiendum
895 3803 925 3857 in
947 3801 1044 3856 eodem
1064 3802 1125 3856 iure
1145 3802 1186 3855 sie
1209 3805 1239 3855 vt
1257 3800 1370 3854 intersit
1388 3799 1524 3869 proximis

436 3891 559 3946 comitiis
576 3898 700 3964 opponet
717 3898 748 3947 et
765 3893 931 3948 convivetur
967 3891 1148 3945 Presentstus
1167 3907 1216 3961 per
1233 3889 1374 3944 doctorem
1394 3889 1466 3959 Βίης

693 4238 782 4304 Ordo
807 4239 1005 4304 senioritetis
1029 4239 1189 4325 (nroryin)

608 4429 649 4485 Dr
662 4427 764 4502 Iewyn
871 4429 913 4484 Dr
925 4428 1034 4486 Besoon
1142 4427 1183 4486 Dr
1195 4427 1275 4502 Daye
