3378 5116
186 387 354 472 1554-55]
625 404 739 454 onnon
761 404 854 454 Boou
877 405 901 453 Δ
1279 391 1341 454 105

186 556 262 612 Item
280 556 443 612 conceditur
459 555 575 611 domino
593 557 734 612 Hellende
750 560 783 612 vt
799 561 817 613 6
833 556 947 612 termini
964 560 1029 628 post
1044 555 1157 612 finalem
1174 557 1236 612 eius
1252 557 1342 613 deter-

257 645 441 700 minationem
458 645 488 699 in
504 645 608 715 quibus
624 643 758 700 lectiones
774 645 930 701 ordinaries
946 644 1057 700 audiuit
1075 644 1140 700 lieet
1156 663 1213 701 non
1229 647 1343 702 omnino

257 734 411 791 seeundum
426 735 546 790 formem
562 735 665 790 statuti
681 753 746 791 oum
763 735 855 792 tribus
871 733 1098 808 responsionibus
1114 736 1255 792 sufficient
1268 736 1294 791 ei
1306 735 1343 792 ud

174 850 177 855 ·
257 823 447 895 incipiendum
459 824 489 878 in
500 822 611 878 artibus

184 909 293 966 Eodem
313 911 404 982 gratie
422 911 585 966 oonoeditur
602 911 725 966 dominis
742 911 890 983 Ohepmen
907 917 937 966 et
955 911 1038 966 Shuw
1073 912 1138 968 Vna
1155 929 1219 968 oum
1237 911 1283 967 hie
1301 912 1342 967 in-

257 999 332 1070 cepit
350 997 481 1054 dominus
503 999 614 1054 Rookee
637 999 672 1054 de
691 999 806 1070 oollegio
824 999 921 1070 Reguli
943 1017 1067 1071 quocum
1089 1018 1144 1055 non
1162 1000 1343 1072 dispensatur

256 1104 307 1158 per
323 1089 442 1158 gratim

287 1402 454 1469 Numerus
477 1405 677 1490 Regentium
701 1403 734 1468 in
758 1404 885 1470 urbibus
907 1404 1002 1470 iuxio
1021 1405 1244 1471 senioritetem

351 1591 515 1647 ¹Aoworthe
659 1591 790 1664 Whipley
958 1592 1056 1648 Shewe

658 1679 805 1751 Ohepmen
955 1681 1069 1735 Hutton

659 1769 783 1841 Buokley
955 1769 1094 1825 Gurdiner

658 1857 777 1914 Graves
957 1859 1087 1913 Meritum

658 1945 758 2002 Certer
957 1946 1069 2018 Lorkyn

657 2033 777 2090 newton
957 2033 1056 2088 Olerke
1069 2033 1183 2104 (Gonu.)
1303 2045 1305 2048 '

656 2122 773 2195 Otwuye
956 2122 1016 2177 Bell

658 2210 755 2281 Yonge
955 2211 1010 2266 Lee

658 2298 841 2354 Suendereon
953 2299 1105 2371 Atkynson

658 2384 842 2457 Oxenbrydge
954 2385 1064 2441 Turner

361 2473 445 2529 Olerk
457 2473 591 2545 (Pembr.)
657 2474 775 2547 Dakyns
953 2473 1116 2546 Bysshoppe

513 2888 745 2955 Beoohuluurei
769 2889 804 2954 in
828 2888 898 2954 iure
921 2888 1011 2954 ciuili
1352 2889 1462 2949 f.41b

184 3077 220 3132 [n
238 3076 337 3148 primis
354 3077 517 3132 conceditur
535 3077 642 3132 Thome
660 3076 799 3148 Twhenge
815 3081 847 3132 vt
866 3076 994 3133 studium
1013 3081 1123 3149 septem
1141 3093 1280 3132 annorum
1309 3077 1339 3132 in

251 3165 316 3236 jure
327 3165 403 3221 ciuili
416 3166 537 3222 sufficiet
548 3166 574 3220 ei
586 3165 622 3220 ed
635 3164 800 3221 intrandum
813 3167 843 3220 in
855 3164 952 3221 eodem
962 3164 1027 3236 jure

183 3253 259 3309 Item
275 3254 437 3311 conceditur
452 3255 567 3310 domino
585 3254 682 3326 Rydge
693 3259 725 3310 vt
742 3255 870 3310 studium
883 3257 899 3312 7
912 3271 1051 3309 annorum
1066 3254 1095 3309 in
1109 3253 1173 3325 jure
1184 3253 1261 3309 ciuili
1274 3259 1339 3326 poet

253 3342 371 3414 gradum
389 3342 636 3398 beooholnureetus
653 3343 682 3397 in
699 3343 809 3398 artibus
825 3346 989 3414 susceptum
1001 3342 1123 3398 sufficiet
1137 3344 1162 3397 ei
1178 3342 1214 3397 ed
1231 3342 1338 3398 iniren-

254 3430 323 3487 dum
335 3433 365 3487 in
377 3431 474 3487 eodem
488 3431 553 3503 jure

428 3871 430 3876 ·
483 3853 715 3920 Buecheleurei
738 3855 772 3918 in
791 3853 867 3940 jure
889 3852 1041 3919 canonico

183 4044 258 4100 Item
276 4043 439 4099 oonoeditur
456 4043 559 4098 Jounni
580 4043 705 4114 Feyrher
723 4045 755 4097 vt
772 4042 901 4097 studium
918 4060 936 4096 x
953 4058 1092 4096 annorum
1110 4041 1139 4096 in
1158 4041 1211 4096 heo
1229 4042 1339 4097 vniuer·

253 4134 339 4188 eitete
351 4134 380 4188 in
389 4133 454 4204 jure
465 4133 598 4188 oenonioo
610 4132 732 4187 sufficiet
744 4132 769 4186 ei
782 4130 817 4186 nd
830 4131 995 4187 intrandum
1007 4131 1036 4185 in
1048 4130 1146 4186 eodem
1158 4130 1222 4202 jure

182 4221 290 4277 Eadem
306 4221 397 4291 gretie
412 4222 447 4276 de
463 4219 548 4277 verbo
563 4221 593 4276 in
610 4220 728 4276 verbum
743 4218 906 4274 oonoeditur
923 4219 1063 4274 Richardo
1079 4220 1230 4290 Dunninge

183 4311 259 4365 Item
271 4308 433 4365 eonceditur
443 4309 535 4365 eidem
548 4309 627 4364 Rioin
641 4309 668 4364 D
671 4350 737 4368 ......

232 4449 242 4482 ¹
259 4449 344 4501 These
353 4463 445 4501 nomes
457 4464 501 4501 ere
511 4449 639 4514 errenged
650 4449 679 4500 in
690 4453 741 4526 {wo
749 4449 869 4500 solumne
880 4449 959 4513 elong
970 4448 1015 4504 the
1026 4450 1127 4501 bottorn
1139 4451 1166 4501 oi
1178 4449 1223 4502 the
1233 4464 1306 4514 pege.
