<?xml version="1.0" encoding="UTF-8"?>
<!DOCTYPE html PUBLIC "-//W3C//DTD XHTML 1.0 Transitional//EN"
    "http://www.w3.org/TR/xhtml1/DTD/xhtml1-transitional.dtd">
<html xmlns="http://www.w3.org/1999/xhtml" xml:lang="en" lang="en">
 <head>
  <title>
</title>
<meta http-equiv="Content-Type" content="text/html;charset=utf-8" />
  <meta name='ocr-system' content='tesseract 3.04.00' />
  <meta name='ocr-capabilities' content='ocr_page ocr_carea ocr_par ocr_line ocrx_word'/>
</head>
<body>
  <div class='ocr_page' id='page_1' title='image "./gracebookgreekl00venngoog_0050.png"; bbox 0 0 3344 5110; ppageno 0'>
   <div class='ocr_carea' id='block_1_1' title="bbox 145 347 1300 430">
    <p class='ocr_par' dir='ltr' id='par_1_1' title="bbox 145 347 1300 430">
     <span class='ocr_line' id='line_1_1' title="bbox 145 347 1300 430; baseline 0.003 -21"><span class='ocrx_word' id='word_1_1' title='bbox 145 347 314 430; x_wconf 74' lang='lat'>1543-44]</span> <span class='ocrx_word' id='word_1_2' title='bbox 583 361 697 410; x_wconf 75' lang='lat' dir='ltr'>essen</span> <span class='ocrx_word' id='word_1_3' title='bbox 719 363 811 411; x_wconf 81' lang='lat' dir='ltr'>soon</span> <span class='ocrx_word' id='word_1_4' title='bbox 834 362 856 411; x_wconf 84' lang='grc' dir='ltr'><strong>Δ</strong></span> <span class='ocrx_word' id='word_1_5' title='bbox 1261 351 1300 412; x_wconf 84' lang='grc'>17</span> 
     </span>
    </p>
   </div>
   <div class='ocr_carea' id='block_1_2' title="bbox 140 517 1306 2258">
    <p class='ocr_par' dir='ltr' id='par_1_2' title="bbox 140 517 1302 1029">
     <span class='ocr_line' id='line_1_2' title="bbox 140 517 1302 590; baseline 0.003 -19"><span class='ocrx_word' id='word_1_6' title='bbox 140 517 220 573; x_wconf 91' lang='lat' dir='ltr'>Item</span> <span class='ocrx_word' id='word_1_7' title='bbox 232 517 393 574; x_wconf 91' lang='lat' dir='ltr'>conceditur</span> <span class='ocrx_word' id='word_1_8' title='bbox 410 518 542 589; x_wconf 81' lang='lat' dir='ltr'>megistro</span> <span class='ocrx_word' id='word_1_9' title='bbox 555 517 647 572; x_wconf 84' lang='lat' dir='ltr'>Blenk</span> <span class='ocrx_word' id='word_1_10' title='bbox 659 522 692 572; x_wconf 84' lang='lat' dir='ltr'>vt</span> <span class='ocrx_word' id='word_1_11' title='bbox 703 517 831 573; x_wconf 88' lang='lat' dir='ltr'>studium</span> <span class='ocrx_word' id='word_1_12' title='bbox 846 522 954 590; x_wconf 85' lang='lat' dir='ltr'>septem</span> <span class='ocrx_word' id='word_1_13' title='bbox 967 535 1106 574; x_wconf 77' lang='lat' dir='ltr'>annorum</span> <span class='ocrx_word' id='word_1_14' title='bbox 1118 519 1148 574; x_wconf 92' lang='lat' dir='ltr'>in</span> <span class='ocrx_word' id='word_1_15' title='bbox 1162 518 1302 590; x_wconf 72' lang='lat' dir='ltr'><strong>theologia</strong></span> 
     </span>
     <span class='ocr_line' id='line_1_3' title="bbox 214 605 1300 676; baseline 0.002 -16"><span class='ocrx_word' id='word_1_16' title='bbox 214 610 279 676; x_wconf 91' lang='lat' dir='ltr'>post</span> <span class='ocrx_word' id='word_1_17' title='bbox 299 607 361 660; x_wconf 89' lang='lat' dir='ltr'>eius</span> <span class='ocrx_word' id='word_1_18' title='bbox 380 607 565 661; x_wconf 78' lang='lat' dir='ltr'>necessarium</span> <span class='ocrx_word' id='word_1_19' title='bbox 586 606 740 676; x_wconf 73' lang='lat' dir='ltr'>regentium</span> <span class='ocrx_word' id='word_1_20' title='bbox 767 623 832 660; x_wconf 87' lang='lat' dir='ltr'>cum</span> <span class='ocrx_word' id='word_1_21' title='bbox 856 605 967 661; x_wconf 92' lang='lat' dir='ltr'>duobus</span> <span class='ocrx_word' id='word_1_22' title='bbox 990 605 1167 662; x_wconf 77' lang='lat' dir='ltr'>sermonibus</span> <span class='ocrx_word' id='word_1_23' title='bbox 1185 624 1241 662; x_wconf 85' lang='lat' dir='ltr'>vno</span> <span class='ocrx_word' id='word_1_24' title='bbox 1264 605 1300 662; x_wconf 90' lang='lat' dir='ltr'>ed</span> 
     </span>
     <span class='ocr_line' id='line_1_4' title="bbox 215 693 1301 766; baseline 0.004 -20"><span class='ocrx_word' id='word_1_25' title='bbox 215 693 319 749; x_wconf 86' lang='lat' dir='ltr'>olerum</span> <span class='ocrx_word' id='word_1_26' title='bbox 334 693 423 748; x_wconf 79' lang='lat' dir='ltr'>sltem</span> <span class='ocrx_word' id='word_1_27' title='bbox 438 693 474 747; x_wconf 89' lang='lat' dir='ltr'>ed</span> <span class='ocrx_word' id='word_1_28' title='bbox 489 710 599 748; x_wconf 86' lang='lat' dir='ltr'>crucem</span> <span class='ocrx_word' id='word_1_29' title='bbox 618 693 697 748; x_wconf 88' lang='lat' dir='ltr'>Psuli</span> <span class='ocrx_word' id='word_1_30' title='bbox 716 697 745 747; x_wconf 88' lang='lat' dir='ltr'>et</span> <span class='ocrx_word' id='word_1_31' title='bbox 761 711 827 748; x_wconf 88' lang='lat' dir='ltr'>oum</span> <span class='ocrx_word' id='word_1_32' title='bbox 846 710 902 747; x_wconf 86' lang='lat' dir='ltr'>rne</span> <span class='ocrx_word' id='word_1_33' title='bbox 917 694 1096 765; x_wconf 78' lang='lat' dir='ltr'>responsione</span> <span class='ocrx_word' id='word_1_34' title='bbox 1112 694 1156 749; x_wconf 84' lang='lat' dir='ltr'>vel</span> <span class='ocrx_word' id='word_1_35' title='bbox 1172 694 1301 766; x_wconf 88' lang='lat' dir='ltr'>pluribus</span> 
     </span>
     <span class='ocr_line' id='line_1_5' title="bbox 214 780 1301 852; baseline 0.001 -16"><span class='ocrx_word' id='word_1_36' title='bbox 214 782 239 836; x_wconf 91' lang='lat' dir='ltr'>si</span> <span class='ocrx_word' id='word_1_37' title='bbox 257 782 405 852; x_wconf 81' lang='lat' dir='ltr'>exigentur</span> <span class='ocrx_word' id='word_1_38' title='bbox 421 782 562 837; x_wconf 88' lang='lat' dir='ltr'>sufficient</span> <span class='ocrx_word' id='word_1_39' title='bbox 583 780 637 836; x_wconf 90' lang='lat' dir='ltr'>sibi</span> <span class='ocrx_word' id='word_1_40' title='bbox 659 780 694 836; x_wconf 82' lang='lat' dir='ltr'>ed</span> <span class='ocrx_word' id='word_1_41' title='bbox 717 780 916 852; x_wconf 87' lang='lat' dir='ltr'>opponendum</span> <span class='ocrx_word' id='word_1_42' title='bbox 935 786 964 836; x_wconf 89' lang='lat' dir='ltr'>et</span> <span class='ocrx_word' id='word_1_43' title='bbox 983 781 1147 836; x_wconf 76' lang='lat' dir='ltr'>intrandum</span> <span class='ocrx_word' id='word_1_44' title='bbox 1165 782 1195 836; x_wconf 92' lang='lat' dir='ltr'>in</span> <span class='ocrx_word' id='word_1_45' title='bbox 1214 781 1301 838; x_wconf 91' lang='lat' dir='ltr'>libros</span> 
     </span>
     <span class='ocr_line' id='line_1_6' title="bbox 213 868 1300 942; baseline 0.001 -17"><span class='ocrx_word' id='word_1_46' title='bbox 213 871 419 925; x_wconf 84' lang='lat' dir='ltr'>sententierum</span> <span class='ocrx_word' id='word_1_47' title='bbox 436 871 477 925; x_wconf 89' lang='lat' dir='ltr'>sio</span> <span class='ocrx_word' id='word_1_48' title='bbox 494 869 570 942; x_wconf 90' lang='lat' dir='ltr'>quod</span> <span class='ocrx_word' id='word_1_49' title='bbox 584 869 756 924; x_wconf 72' lang='lat' dir='ltr'>admittetur</span> <span class='ocrx_word' id='word_1_50' title='bbox 770 870 807 924; x_wconf 87' lang='lat' dir='ltr'>ed</span> <span class='ocrx_word' id='word_1_51' title='bbox 822 868 1018 941; x_wconf 90' lang='lat' dir='ltr'>opponendum</span> <span class='ocrx_word' id='word_1_52' title='bbox 1038 870 1112 924; x_wconf 84' lang='lat' dir='ltr'>infre</span> <span class='ocrx_word' id='word_1_53' title='bbox 1127 887 1253 926; x_wconf 90' lang='lat' dir='ltr'>mensem</span> <span class='ocrx_word' id='word_1_54' title='bbox 1271 875 1300 926; x_wconf 88' lang='lat' dir='ltr'>et</span> 
     </span>
     <span class='ocr_line' id='line_1_7' title="bbox 216 957 864 1029; baseline 0.002 -18"><span class='ocrx_word' id='word_1_55' title='bbox 216 961 272 1011; x_wconf 86' lang='lat' dir='ltr'>stet</span> <span class='ocrx_word' id='word_1_56' title='bbox 290 974 434 1028; x_wconf 88' lang='lat' dir='ltr'>opponens</span> <span class='ocrx_word' id='word_1_57' title='bbox 452 975 540 1029; x_wconf 88' lang='lat' dir='ltr'>vsque</span> <span class='ocrx_word' id='word_1_58' title='bbox 558 957 594 1012; x_wconf 90' lang='lat' dir='ltr'>ed</span> <span class='ocrx_word' id='word_1_59' title='bbox 612 958 717 1012; x_wconf 82' lang='lat' dir='ltr'>festum</span> <span class='ocrx_word' id='word_1_60' title='bbox 736 957 864 1012; x_wconf 82' lang='lat' dir='ltr'>Bernsbc</span> 
     </span>
    </p>

    <p class='ocr_par' dir='ltr' id='par_1_3' title="bbox 143 1045 1304 1380">
     <span class='ocr_line' id='line_1_8' title="bbox 143 1045 1303 1118; baseline 0.002 -19"><span class='ocrx_word' id='word_1_61' title='bbox 143 1045 221 1100; x_wconf 86' lang='lat' dir='ltr'>Item</span> <span class='ocrx_word' id='word_1_62' title='bbox 239 1045 401 1101; x_wconf 73' lang='lat' dir='ltr'>conceditur</span> <span class='ocrx_word' id='word_1_63' title='bbox 418 1046 509 1101; x_wconf 89' lang='lat' dir='ltr'>eidem</span> <span class='ocrx_word' id='word_1_64' title='bbox 528 1050 560 1100; x_wconf 86' lang='lat' dir='ltr'>vt</span> <span class='ocrx_word' id='word_1_65' title='bbox 577 1046 711 1118; x_wconf 86' lang='lat' dir='ltr'>quonism</span> <span class='ocrx_word' id='word_1_66' title='bbox 729 1063 779 1117; x_wconf 92' lang='lat' dir='ltr'>per</span> <span class='ocrx_word' id='word_1_67' title='bbox 796 1045 910 1115; x_wconf 84' lang='lat' dir='ltr'>negooie</span> <span class='ocrx_word' id='word_1_68' title='bbox 926 1045 1024 1100; x_wconf 88' lang='lat' dir='ltr'>edesse</span> <span class='ocrx_word' id='word_1_69' title='bbox 1042 1062 1098 1099; x_wconf 91' lang='lat' dir='ltr'>non</span> <span class='ocrx_word' id='word_1_70' title='bbox 1116 1046 1211 1117; x_wconf 90' lang='lat' dir='ltr'>potuit</span> <span class='ocrx_word' id='word_1_71' title='bbox 1228 1046 1303 1101; x_wconf 80' lang='lat' dir='ltr'>inire</span> 
     </span>
     <span class='ocr_line' id='line_1_9' title="bbox 216 1131 1303 1205; baseline 0 -17"><span class='ocrx_word' id='word_1_72' title='bbox 216 1139 329 1204; x_wconf 89' lang='lat' dir='ltr'>tempus</span> <span class='ocrx_word' id='word_1_73' title='bbox 340 1133 527 1205; x_wconf 86' lang='lat' dir='ltr'>prescriptum</span> <span class='ocrx_word' id='word_1_74' title='bbox 539 1133 721 1205; x_wconf 79' lang='lat' dir='ltr'>pergratiam</span> <span class='ocrx_word' id='word_1_75' title='bbox 733 1133 869 1205; x_wconf 86' lang='lat' dir='ltr'>superiori</span> <span class='ocrx_word' id='word_1_76' title='bbox 882 1131 928 1188; x_wconf 89' lang='lat' dir='ltr'>die</span> <span class='ocrx_word' id='word_1_77' title='bbox 938 1150 956 1187; x_wconf 83' lang='lat' dir='ltr'>e</span> <span class='ocrx_word' id='word_1_78' title='bbox 974 1132 1052 1187; x_wconf 87' lang='lat' dir='ltr'>vobis</span> <span class='ocrx_word' id='word_1_79' title='bbox 1070 1150 1229 1188; x_wconf 77' lang='lat' dir='ltr'>conoessum</span> <span class='ocrx_word' id='word_1_80' title='bbox 1245 1133 1303 1188; x_wconf 85' lang='lat' dir='ltr'>iem</span> 
     </span>
     <span class='ocr_line' id='line_1_10' title="bbox 216 1219 1304 1294; baseline 0 -19"><span class='ocrx_word' id='word_1_81' title='bbox 216 1220 330 1276; x_wconf 90' lang='lat' dir='ltr'>edmitti</span> <span class='ocrx_word' id='word_1_82' title='bbox 352 1221 442 1293; x_wconf 87' lang='lat' dir='ltr'>possit</span> <span class='ocrx_word' id='word_1_83' title='bbox 460 1226 521 1276; x_wconf 87' lang='lat' dir='ltr'>tem</span> <span class='ocrx_word' id='word_1_84' title='bbox 545 1221 581 1275; x_wconf 84' lang='lat' dir='ltr'>ed</span> <span class='ocrx_word' id='word_1_85' title='bbox 602 1220 800 1293; x_wconf 91' lang='lat' dir='ltr'>opponendum</span> <span class='ocrx_word' id='word_1_86' title='bbox 824 1238 911 1293; x_wconf 84' lang='lat' dir='ltr'>quem</span> <span class='ocrx_word' id='word_1_87' title='bbox 933 1219 1097 1276; x_wconf 77' lang='lat' dir='ltr'>intrandum</span> <span class='ocrx_word' id='word_1_88' title='bbox 1118 1221 1148 1275; x_wconf 94' lang='lat' dir='ltr'>in</span> <span class='ocrx_word' id='word_1_89' title='bbox 1169 1221 1304 1294; x_wconf 84' lang='lat' dir='ltr'>proximis</span> 
     </span>
     <span class='ocr_line' id='line_1_11' title="bbox 216 1301 762 1380; baseline 0.002 -17"><span class='ocrx_word' id='word_1_90' title='bbox 216 1309 341 1380; x_wconf 88' lang='lat' dir='ltr'>exequiis</span> <span class='ocrx_word' id='word_1_91' title='bbox 359 1309 401 1364; x_wconf 86' lang='lat' dir='ltr'>ite</span> <span class='ocrx_word' id='word_1_92' title='bbox 419 1309 494 1380; x_wconf 89' lang='lat' dir='ltr'>quod</span> <span class='ocrx_word' id='word_1_93' title='bbox 513 1301 600 1364; x_wconf 88' lang='lat' dir='ltr'>intret</span> <span class='ocrx_word' id='word_1_94' title='bbox 619 1309 670 1364; x_wconf 87' lang='lat' dir='ltr'>boc</span> <span class='ocrx_word' id='word_1_95' title='bbox 689 1327 762 1365; x_wconf 84' lang='lat' dir='ltr'>enno</span> 
     </span>
    </p>

    <p class='ocr_par' dir='ltr' id='par_1_4' title="bbox 145 1396 1306 2083">
     <span class='ocr_line' id='line_1_12' title="bbox 145 1396 1303 1468; baseline 0.003 -18"><span class='ocrx_word' id='word_1_96' title='bbox 145 1396 222 1451; x_wconf 79' lang='lat' dir='ltr'>Item</span> <span class='ocrx_word' id='word_1_97' title='bbox 235 1397 398 1452; x_wconf 88' lang='lat' dir='ltr'>conceditur</span> <span class='ocrx_word' id='word_1_98' title='bbox 412 1398 548 1468; x_wconf 82' lang='lat' dir='ltr'>megistrc</span> <span class='ocrx_word' id='word_1_99' title='bbox 564 1397 701 1452; x_wconf 79' lang='lat' dir='ltr'>God&#39;erler</span> <span class='ocrx_word' id='word_1_100' title='bbox 718 1401 750 1451; x_wconf 85' lang='lat' dir='ltr'>vt</span> <span class='ocrx_word' id='word_1_101' title='bbox 766 1397 894 1452; x_wconf 89' lang='lat' dir='ltr'>studium</span> <span class='ocrx_word' id='word_1_102' title='bbox 910 1396 1006 1452; x_wconf 89' lang='lat' dir='ltr'>decem</span> <span class='ocrx_word' id='word_1_103' title='bbox 1022 1415 1162 1452; x_wconf 89' lang='lat' dir='ltr'>ennorum</span> <span class='ocrx_word' id='word_1_104' title='bbox 1178 1397 1208 1452; x_wconf 91' lang='lat' dir='ltr'>in</span> <span class='ocrx_word' id='word_1_105' title='bbox 1225 1397 1303 1453; x_wconf 92' lang='lat' dir='ltr'>theo·</span> 
     </span>
     <span class='ocr_line' id='line_1_13' title="bbox 216 1485 1304 1556; baseline 0.002 -16"><span class='ocrx_word' id='word_1_106' title='bbox 216 1485 289 1556; x_wconf 83' lang='lat' dir='ltr'>logie</span> <span class='ocrx_word' id='word_1_107' title='bbox 307 1503 362 1542; x_wconf 82' lang='lat' dir='ltr'>vus</span> <span class='ocrx_word' id='word_1_108' title='bbox 380 1504 445 1541; x_wconf 89' lang='lat' dir='ltr'>eum</span> <span class='ocrx_word' id='word_1_109' title='bbox 462 1485 573 1542; x_wconf 89' lang='lat' dir='ltr'>duobus</span> <span class='ocrx_word' id='word_1_110' title='bbox 591 1485 767 1541; x_wconf 88' lang='lat' dir='ltr'>sermonibus</span> <span class='ocrx_word' id='word_1_111' title='bbox 784 1503 839 1541; x_wconf 84' lang='lat' dir='ltr'>vno</span> <span class='ocrx_word' id='word_1_112' title='bbox 856 1485 893 1541; x_wconf 87' lang='lat' dir='ltr'>ed</span> <span class='ocrx_word' id='word_1_113' title='bbox 911 1486 1016 1541; x_wconf 90' lang='lat' dir='ltr'>elerum</span> <span class='ocrx_word' id='word_1_114' title='bbox 1034 1486 1123 1542; x_wconf 87' lang='lat' dir='ltr'>eltero</span> <span class='ocrx_word' id='word_1_115' title='bbox 1138 1485 1175 1541; x_wconf 88' lang='lat' dir='ltr'>ed</span> <span class='ocrx_word' id='word_1_116' title='bbox 1193 1503 1304 1542; x_wconf 89' lang='lat' dir='ltr'>erucem</span> 
     </span>
     <span class='ocr_line' id='line_1_14' title="bbox 218 1571 1304 1645; baseline 0 -18"><span class='ocrx_word' id='word_1_117' title='bbox 218 1573 298 1628; x_wconf 90' lang='lat' dir='ltr'>Peuli</span> <span class='ocrx_word' id='word_1_118' title='bbox 316 1578 346 1628; x_wconf 90' lang='lat' dir='ltr'>et</span> <span class='ocrx_word' id='word_1_119' title='bbox 361 1591 427 1628; x_wconf 91' lang='lat' dir='ltr'>oum</span> <span class='ocrx_word' id='word_1_120' title='bbox 440 1591 496 1627; x_wconf 85' lang='lat' dir='ltr'>vne</span> <span class='ocrx_word' id='word_1_121' title='bbox 511 1573 691 1644; x_wconf 85' lang='lat' dir='ltr'>responsione</span> <span class='ocrx_word' id='word_1_122' title='bbox 703 1572 747 1627; x_wconf 84' lang='lat' dir='ltr'>vel</span> <span class='ocrx_word' id='word_1_123' title='bbox 763 1571 892 1645; x_wconf 91' lang='lat' dir='ltr'>pluribus</span> <span class='ocrx_word' id='word_1_124' title='bbox 907 1572 932 1626; x_wconf 93' lang='lat' dir='ltr'>si</span> <span class='ocrx_word' id='word_1_125' title='bbox 950 1573 1097 1643; x_wconf 83' lang='lat' dir='ltr'>exigentur</span> <span class='ocrx_word' id='word_1_126' title='bbox 1110 1573 1183 1627; x_wconf 78' lang='lat' dir='ltr'>citro</span> <span class='ocrx_word' id='word_1_127' title='bbox 1198 1573 1304 1627; x_wconf 80' lang='lat' dir='ltr'>festum</span> 
     </span>
     <span class='ocr_line' id='line_1_15' title="bbox 218 1658 1303 1731; baseline 0 -17"><span class='ocrx_word' id='word_1_128' title='bbox 218 1659 324 1715; x_wconf 85' lang='lat' dir='ltr'>Pssche</span> <span class='ocrx_word' id='word_1_129' title='bbox 341 1661 500 1731; x_wconf 90' lang='lat' dir='ltr'>proximum</span> <span class='ocrx_word' id='word_1_130' title='bbox 517 1658 573 1715; x_wconf 89' lang='lat' dir='ltr'>sub</span> <span class='ocrx_word' id='word_1_131' title='bbox 588 1676 662 1731; x_wconf 88' lang='lat' dir='ltr'>pens</span> <span class='ocrx_word' id='word_1_132' title='bbox 677 1660 818 1714; x_wconf 82' lang='lat' dir='ltr'>cautionis</span> <span class='ocrx_word' id='word_1_133' title='bbox 829 1660 867 1714; x_wconf 87' lang='lat' dir='ltr'>xl·</span> <span class='ocrx_word' id='word_1_134' title='bbox 879 1659 1007 1731; x_wconf 90' lang='lat' dir='ltr'>ponende</span> <span class='ocrx_word' id='word_1_135' title='bbox 1018 1659 1048 1713; x_wconf 94' lang='lat' dir='ltr'>in</span> <span class='ocrx_word' id='word_1_136' title='bbox 1061 1659 1192 1714; x_wconf 81' lang='lat' dir='ltr'>menibus</span> <span class='ocrx_word' id='word_1_137' title='bbox 1205 1677 1303 1731; x_wconf 86' lang='lat' dir='ltr'>procu·</span> 
     </span>
     <span class='ocr_line' id='line_1_16' title="bbox 216 1746 1303 1820; baseline 0.001 -18"><span class='ocrx_word' id='word_1_138' title='bbox 216 1753 343 1804; x_wconf 79' lang='lat' dir='ltr'>retorum</span> <span class='ocrx_word' id='word_1_139' title='bbox 359 1753 512 1820; x_wconf 72' lang='lat' dir='ltr'>antequem</span> <span class='ocrx_word' id='word_1_140' title='bbox 528 1747 699 1803; x_wconf 74' lang='lat' dir='ltr'>admittetur</span> <span class='ocrx_word' id='word_1_141' title='bbox 714 1748 836 1802; x_wconf 80' lang='lat' dir='ltr'>sufficiet</span> <span class='ocrx_word' id='word_1_142' title='bbox 852 1748 878 1802; x_wconf 92' lang='lat' dir='ltr'>ei</span> <span class='ocrx_word' id='word_1_143' title='bbox 893 1747 930 1802; x_wconf 88' lang='lat' dir='ltr'>ed</span> <span class='ocrx_word' id='word_1_144' title='bbox 942 1746 1140 1818; x_wconf 89' lang='lat' dir='ltr'>opponendum</span> <span class='ocrx_word' id='word_1_145' title='bbox 1152 1755 1181 1802; x_wconf 88' lang='lat' dir='ltr'>et</span> <span class='ocrx_word' id='word_1_146' title='bbox 1197 1748 1303 1803; x_wconf 91' lang='lat' dir='ltr'>intren-</span> 
     </span>
     <span class='ocr_line' id='line_1_17' title="bbox 216 1834 1304 1907; baseline 0.001 -17"><span class='ocrx_word' id='word_1_147' title='bbox 216 1835 286 1890; x_wconf 90' lang='lat' dir='ltr'>dnm</span> <span class='ocrx_word' id='word_1_148' title='bbox 309 1835 340 1890; x_wconf 92' lang='lat' dir='ltr'>in</span> <span class='ocrx_word' id='word_1_149' title='bbox 363 1835 450 1890; x_wconf 89' lang='lat' dir='ltr'>libros</span> <span class='ocrx_word' id='word_1_150' title='bbox 469 1836 674 1890; x_wconf 76' lang='lat' dir='ltr'>sententiarum</span> <span class='ocrx_word' id='word_1_151' title='bbox 698 1834 739 1890; x_wconf 91' lang='lat' dir='ltr'>sic</span> <span class='ocrx_word' id='word_1_152' title='bbox 758 1834 833 1907; x_wconf 89' lang='lat' dir='ltr'>quod</span> <span class='ocrx_word' id='word_1_153' title='bbox 856 1834 1026 1890; x_wconf 89' lang='lat' dir='ltr'>edmittetur</span> <span class='ocrx_word' id='word_1_154' title='bbox 1047 1835 1083 1890; x_wconf 79' lang='lat' dir='ltr'>ud</span> <span class='ocrx_word' id='word_1_155' title='bbox 1106 1835 1304 1906; x_wconf 88' lang='lat' dir='ltr'>opponendum</span> 
     </span>
     <span class='ocr_line' id='line_1_18' title="bbox 216 1923 1306 1995; baseline 0.001 -16"><span class='ocrx_word' id='word_1_156' title='bbox 216 1924 291 1979; x_wconf 77' lang='lat' dir='ltr'>infre</span> <span class='ocrx_word' id='word_1_157' title='bbox 307 1923 404 1979; x_wconf 90' lang='lat' dir='ltr'>decem</span> <span class='ocrx_word' id='word_1_158' title='bbox 421 1924 482 1979; x_wconf 91' lang='lat' dir='ltr'>dies</span> <span class='ocrx_word' id='word_1_159' title='bbox 503 1929 532 1978; x_wconf 93' lang='lat' dir='ltr'>et</span> <span class='ocrx_word' id='word_1_160' title='bbox 550 1928 608 1978; x_wconf 85' lang='lat' dir='ltr'>stet</span> <span class='ocrx_word' id='word_1_161' title='bbox 624 1941 768 1995; x_wconf 89' lang='lat' dir='ltr'>opponens</span> <span class='ocrx_word' id='word_1_162' title='bbox 786 1941 874 1995; x_wconf 86' lang='lat' dir='ltr'>vsquc</span> <span class='ocrx_word' id='word_1_163' title='bbox 896 1924 932 1979; x_wconf 80' lang='lat' dir='ltr'>ud</span> <span class='ocrx_word' id='word_1_164' title='bbox 951 1924 1056 1978; x_wconf 81' lang='lat' dir='ltr'>festum</span> <span class='ocrx_word' id='word_1_165' title='bbox 1074 1924 1202 1980; x_wconf 83' lang='lat' dir='ltr'>Bernebe</span> <span class='ocrx_word' id='word_1_166' title='bbox 1220 1929 1249 1980; x_wconf 90' lang='lat' dir='ltr'>et</span> <span class='ocrx_word' id='word_1_167' title='bbox 1267 1925 1306 1980; x_wconf 87' lang='lat' dir='ltr'>sit</span> 
     </span>
     <span class='ocr_line' id='line_1_19' title="bbox 216 2011 884 2083; baseline -0.001 -16"><span class='ocrx_word' id='word_1_168' title='bbox 216 2012 253 2068; x_wconf 89' lang='lat' dir='ltr'>de</span> <span class='ocrx_word' id='word_1_169' title='bbox 270 2013 376 2083; x_wconf 86' lang='lat' dir='ltr'>gremio</span> <span class='ocrx_word' id='word_1_170' title='bbox 392 2013 434 2067; x_wconf 89' lang='lat' dir='ltr'>sie</span> <span class='ocrx_word' id='word_1_171' title='bbox 451 2011 527 2082; x_wconf 89' lang='lat' dir='ltr'>quod</span> <span class='ocrx_word' id='word_1_172' title='bbox 545 2012 637 2067; x_wconf 88' lang='lat' dir='ltr'>soluet</span> <span class='ocrx_word' id='word_1_173' title='bbox 655 2011 819 2067; x_wconf 82' lang='lat' dir='ltr'>sehudemic</span> <span class='ocrx_word' id='word_1_174' title='bbox 838 2020 884 2065; x_wconf 83' lang='lat' dir='ltr'>xx·</span> 
     </span>
    </p>

    <p class='ocr_par' dir='ltr' id='par_1_5' title="bbox 144 2098 1306 2258">
     <span class='ocr_line' id='line_1_20' title="bbox 144 2098 1304 2170; baseline 0 -15"><span class='ocrx_word' id='word_1_175' title='bbox 144 2100 218 2155; x_wconf 88' lang='lat' dir='ltr'>Item</span> <span class='ocrx_word' id='word_1_176' title='bbox 235 2099 399 2155; x_wconf 88' lang='lat' dir='ltr'>conceditur</span> <span class='ocrx_word' id='word_1_177' title='bbox 414 2099 549 2170; x_wconf 75' lang='lat' dir='ltr'>megisti-o</span> <span class='ocrx_word' id='word_1_178' title='bbox 566 2099 676 2154; x_wconf 79' lang='lat' dir='ltr'>Merten</span> <span class='ocrx_word' id='word_1_179' title='bbox 689 2107 722 2154; x_wconf 85' lang='lat' dir='ltr'>vt</span> <span class='ocrx_word' id='word_1_180' title='bbox 738 2098 865 2154; x_wconf 88' lang='lat' dir='ltr'>studium</span> <span class='ocrx_word' id='word_1_181' title='bbox 880 2098 1007 2168; x_wconf 91' lang='lat' dir='ltr'>quinque</span> <span class='ocrx_word' id='word_1_182' title='bbox 1023 2116 1162 2154; x_wconf 79' lang='lat' dir='ltr'>annorum</span> <span class='ocrx_word' id='word_1_183' title='bbox 1179 2101 1209 2155; x_wconf 90' lang='lat' dir='ltr'>in</span> <span class='ocrx_word' id='word_1_184' title='bbox 1226 2100 1304 2155; x_wconf 90' lang='lat' dir='ltr'>theo-</span> 
     </span>
     <span class='ocr_line' id='line_1_21' title="bbox 216 2184 1306 2258; baseline 0.002 -16"><span class='ocrx_word' id='word_1_185' title='bbox 216 2187 292 2258; x_wconf 81' lang='lat' dir='ltr'>logie</span> <span class='ocrx_word' id='word_1_186' title='bbox 306 2192 457 2258; x_wconf 85' lang='lat' dir='ltr'>postquem</span> <span class='ocrx_word' id='word_1_187' title='bbox 470 2187 573 2241; x_wconf 87' lang='lat' dir='ltr'>rexerit</span> <span class='ocrx_word' id='word_1_188' title='bbox 585 2203 650 2242; x_wconf 87' lang='lat' dir='ltr'>oum</span> <span class='ocrx_word' id='word_1_189' title='bbox 666 2184 776 2241; x_wconf 91' lang='lat' dir='ltr'>duobus</span> <span class='ocrx_word' id='word_1_190' title='bbox 788 2185 964 2240; x_wconf 88' lang='lat' dir='ltr'>sermonibus</span> <span class='ocrx_word' id='word_1_191' title='bbox 976 2203 1031 2240; x_wconf 90' lang='lat' dir='ltr'>vno</span> <span class='ocrx_word' id='word_1_192' title='bbox 1047 2185 1084 2242; x_wconf 85' lang='lat' dir='ltr'>sd</span> <span class='ocrx_word' id='word_1_193' title='bbox 1101 2186 1206 2242; x_wconf 87' lang='lat' dir='ltr'>clerum</span> <span class='ocrx_word' id='word_1_194' title='bbox 1218 2188 1306 2244; x_wconf 88' lang='lat' dir='ltr'>eltero</span> 
     </span>
    </p>
   </div>
   <div class='ocr_carea' id='block_1_3' title="bbox 215 2273 1307 2427">
    <p class='ocr_par' dir='ltr' id='par_1_6' title="bbox 215 2273 1307 2427">
     <span class='ocr_line' id='line_1_22' title="bbox 215 2273 1307 2347; baseline 0.002 -18"><span class='ocrx_word' id='word_1_195' title='bbox 215 2274 254 2330; x_wconf 81' lang='lat' dir='ltr'>ad</span> <span class='ocrx_word' id='word_1_196' title='bbox 271 2291 382 2329; x_wconf 88' lang='lat' dir='ltr'>crucem</span> <span class='ocrx_word' id='word_1_197' title='bbox 400 2273 479 2328; x_wconf 91' lang='lat' dir='ltr'>Peuli</span> <span class='ocrx_word' id='word_1_198' title='bbox 496 2281 601 2328; x_wconf 89' lang='lat' dir='ltr'>etcum</span> <span class='ocrx_word' id='word_1_199' title='bbox 614 2291 670 2327; x_wconf 82' lang='lat' dir='ltr'>vns</span> <span class='ocrx_word' id='word_1_200' title='bbox 686 2273 865 2344; x_wconf 84' lang='lat' dir='ltr'>responsione</span> <span class='ocrx_word' id='word_1_201' title='bbox 882 2273 1008 2343; x_wconf 81' lang='lat' dir='ltr'>proximo</span> <span class='ocrx_word' id='word_1_202' title='bbox 1022 2291 1098 2328; x_wconf 86' lang='lat' dir='ltr'>enno</span> <span class='ocrx_word' id='word_1_203' title='bbox 1112 2274 1166 2329; x_wconf 90' lang='lat' dir='ltr'>sub</span> <span class='ocrx_word' id='word_1_204' title='bbox 1181 2293 1254 2347; x_wconf 82' lang='lat' dir='ltr'>pene</span> <span class='ocrx_word' id='word_1_205' title='bbox 1268 2276 1307 2331; x_wconf 82' lang='lat' dir='ltr'>xl·</span> 
     </span>
     <span class='ocr_line' id='line_1_23' title="bbox 216 2353 1307 2427; baseline 0.001 -16"><span class='ocrx_word' id='word_1_206' title='bbox 216 2359 247 2412; x_wconf 91' lang='lat' dir='ltr'>in</span> <span class='ocrx_word' id='word_1_207' title='bbox 267 2355 398 2412; x_wconf 88' lang='lat' dir='ltr'>menibus</span> <span class='ocrx_word' id='word_1_208' title='bbox 415 2361 627 2427; x_wconf 81' lang='lat' dir='ltr'>procuratorum</span> <span class='ocrx_word' id='word_1_209' title='bbox 645 2360 713 2410; x_wconf 86' lang='lat' dir='ltr'>ente</span> <span class='ocrx_word' id='word_1_210' title='bbox 734 2355 794 2410; x_wconf 90' lang='lat' dir='ltr'>eius</span> <span class='ocrx_word' id='word_1_211' title='bbox 815 2353 1015 2409; x_wconf 79' lang='lat' dir='ltr'>admissionem</span> <span class='ocrx_word' id='word_1_212' title='bbox 1036 2355 1165 2425; x_wconf 81' lang='lat' dir='ltr'>ponende</span> <span class='ocrx_word' id='word_1_213' title='bbox 1185 2358 1307 2412; x_wconf 87' lang='lat' dir='ltr'>sufficiet</span> 
     </span>
    </p>
   </div>
   <div class='ocr_carea' id='block_1_4' title="bbox 147 2441 1307 2950">
    <p class='ocr_par' dir='ltr' id='par_1_7' title="bbox 215 2441 1307 2604">
     <span class='ocr_line' id='line_1_24' title="bbox 215 2441 1306 2517; baseline 0 -17"><span class='ocrx_word' id='word_1_214' title='bbox 215 2445 243 2500; x_wconf 92' lang='lat' dir='ltr'>ei</span> <span class='ocrx_word' id='word_1_215' title='bbox 267 2443 303 2498; x_wconf 90' lang='lat' dir='ltr'>ed</span> <span class='ocrx_word' id='word_1_216' title='bbox 326 2443 523 2515; x_wconf 89' lang='lat' dir='ltr'>opponendum</span> <span class='ocrx_word' id='word_1_217' title='bbox 542 2449 571 2498; x_wconf 93' lang='lat' dir='ltr'>et</span> <span class='ocrx_word' id='word_1_218' title='bbox 589 2443 754 2499; x_wconf 80' lang='lat' dir='ltr'>intrandum</span> <span class='ocrx_word' id='word_1_219' title='bbox 777 2442 806 2496; x_wconf 93' lang='lat' dir='ltr'>in</span> <span class='ocrx_word' id='word_1_220' title='bbox 831 2441 916 2497; x_wconf 89' lang='lat' dir='ltr'>libros</span> <span class='ocrx_word' id='word_1_221' title='bbox 936 2442 1141 2498; x_wconf 82' lang='lat' dir='ltr'>sententiarum</span> <span class='ocrx_word' id='word_1_222' title='bbox 1165 2444 1206 2499; x_wconf 90' lang='lat' dir='ltr'>sic</span> <span class='ocrx_word' id='word_1_223' title='bbox 1230 2444 1306 2517; x_wconf 92' lang='lat' dir='ltr'>quod</span> 
     </span>
     <span class='ocr_line' id='line_1_25' title="bbox 216 2530 1307 2604; baseline 0.001 -15"><span class='ocrx_word' id='word_1_224' title='bbox 216 2533 390 2589; x_wconf 80' lang='lat' dir='ltr'>admittetur</span> <span class='ocrx_word' id='word_1_225' title='bbox 408 2537 468 2588; x_wconf 84' lang='lat' dir='ltr'>tem</span> <span class='ocrx_word' id='word_1_226' title='bbox 489 2531 526 2587; x_wconf 88' lang='lat' dir='ltr'>ed</span> <span class='ocrx_word' id='word_1_227' title='bbox 550 2531 748 2604; x_wconf 91' lang='lat' dir='ltr'>opponendum</span> <span class='ocrx_word' id='word_1_228' title='bbox 772 2549 859 2602; x_wconf 88' lang='lat' dir='ltr'>quem</span> <span class='ocrx_word' id='word_1_229' title='bbox 883 2530 1048 2587; x_wconf 74' lang='lat' dir='ltr'>intrandum</span> <span class='ocrx_word' id='word_1_230' title='bbox 1071 2532 1143 2587; x_wconf 88' lang='lat' dir='ltr'>citre</span> <span class='ocrx_word' id='word_1_231' title='bbox 1162 2534 1307 2590; x_wconf 84' lang='lat' dir='ltr'>commitis</span> 
     </span>
    </p>

    <p class='ocr_par' dir='ltr' id='par_1_8' title="bbox 147 2635 1306 2950">
     <span class='ocr_line' id='line_1_26' title="bbox 147 2635 1306 2775; baseline -0.001 -16"><span class='ocrx_word' id='word_1_232' title='bbox 147 2635 402 2759; x_wconf 56' lang='lat' dir='ltr'>Itempbbiieblditur</span> <span class='ocrx_word' id='word_1_233' title='bbox 418 2710 451 2758; x_wconf 83' lang='lat' dir='ltr'>vt</span> <span class='ocrx_word' id='word_1_234' title='bbox 469 2703 612 2774; x_wconf 89' lang='lat' dir='ltr'>responsio</span> <span class='ocrx_word' id='word_1_235' title='bbox 632 2701 787 2772; x_wconf 82' lang='lat' dir='ltr'>theologice</span> <span class='ocrx_word' id='word_1_236' title='bbox 804 2700 840 2755; x_wconf 79' lang='lat' dir='ltr'>ud</span> <span class='ocrx_word' id='word_1_237' title='bbox 860 2717 946 2772; x_wconf 83' lang='lat' dir='ltr'>quem</span> <span class='ocrx_word' id='word_1_238' title='bbox 961 2705 1075 2755; x_wconf 86' lang='lat' dir='ltr'>tenetur</span> <span class='ocrx_word' id='word_1_239' title='bbox 1092 2701 1227 2772; x_wconf 77' lang='lat' dir='ltr'>magister</span> <span class='ocrx_word' id='word_1_240' title='bbox 1245 2703 1306 2775; x_wconf 74' lang='lat' dir='ltr'>eyl-</span> 
     </span>
     <span class='ocr_line' id='line_1_27' title="bbox 215 2787 1306 2864; baseline -0.001 -17"><span class='ocrx_word' id='word_1_241' title='bbox 215 2791 304 2864; x_wconf 78' lang='lat' dir='ltr'>ysuio</span> <span class='ocrx_word' id='word_1_242' title='bbox 322 2792 426 2846; x_wconf 79' lang='lat' dir='ltr'>muter-i</span> <span class='ocrx_word' id='word_1_243' title='bbox 444 2792 534 2863; x_wconf 89' lang='lat' dir='ltr'>possit</span> <span class='ocrx_word' id='word_1_244' title='bbox 551 2791 581 2845; x_wconf 94' lang='lat' dir='ltr'>in</span> <span class='ocrx_word' id='word_1_245' title='bbox 599 2809 647 2846; x_wconf 85' lang='lat' dir='ltr'>sex</span> <span class='ocrx_word' id='word_1_246' title='bbox 665 2807 808 2844; x_wconf 85' lang='lat' dir='ltr'>sermones</span> <span class='ocrx_word' id='word_1_247' title='bbox 825 2788 861 2842; x_wconf 83' lang='lat' dir='ltr'>ed</span> <span class='ocrx_word' id='word_1_248' title='bbox 880 2787 1015 2859; x_wconf 91' lang='lat' dir='ltr'>populum</span> <span class='ocrx_word' id='word_1_249' title='bbox 1032 2794 1146 2859; x_wconf 89' lang='lat' dir='ltr'>propter</span> <span class='ocrx_word' id='word_1_250' title='bbox 1165 2790 1306 2846; x_wconf 79' lang='lat' dir='ltr'>deiectum</span> 
     </span>
     <span class='ocr_line' id='line_1_28' title="bbox 216 2877 887 2950; baseline -0.006 -16"><span class='ocrx_word' id='word_1_251' title='bbox 216 2879 341 2934; x_wconf 87' lang='lat' dir='ltr'>doctoris</span> <span class='ocrx_word' id='word_1_252' title='bbox 375 2879 417 2934; x_wconf 86' lang='lat' dir='ltr'>its</span> <span class='ocrx_word' id='word_1_253' title='bbox 435 2879 509 2950; x_wconf 90' lang='lat' dir='ltr'>qnod</span> <span class='ocrx_word' id='word_1_254' title='bbox 530 2878 622 2933; x_wconf 87' lang='lat' dir='ltr'>soluet</span> <span class='ocrx_word' id='word_1_255' title='bbox 640 2877 820 2932; x_wconf 73' lang='lat' dir='ltr'>uniuersiteti</span> <span class='ocrx_word' id='word_1_256' title='bbox 840 2885 887 2930; x_wconf 81' lang='lat' dir='ltr'>xx·</span> 
     </span>
    </p>
   </div>
   <div class='ocr_carea' id='block_1_5' title="bbox 148 2997 1405 4556">
    <p class='ocr_par' dir='ltr' id='par_1_9' title="bbox 148 2997 1405 3337">
     <span class='ocr_line' id='line_1_29' title="bbox 148 2997 1405 3072; baseline 0 -15"><span class='ocrx_word' id='word_1_257' title='bbox 148 3003 222 3057; x_wconf 83' lang='lat' dir='ltr'>Item</span> <span class='ocrx_word' id='word_1_258' title='bbox 233 3001 397 3057; x_wconf 76' lang='lat' dir='ltr'>conceditur</span> <span class='ocrx_word' id='word_1_259' title='bbox 409 3007 440 3054; x_wconf 89' lang='lat' dir='ltr'>vt</span> <span class='ocrx_word' id='word_1_260' title='bbox 451 3000 594 3072; x_wconf 86' lang='lat' dir='ltr'>responsio</span> <span class='ocrx_word' id='word_1_261' title='bbox 607 2999 762 3069; x_wconf 81' lang='lat' dir='ltr'>theologice</span> <span class='ocrx_word' id='word_1_262' title='bbox 773 2997 809 3054; x_wconf 90' lang='lat' dir='ltr'>ed</span> <span class='ocrx_word' id='word_1_263' title='bbox 822 3016 908 3069; x_wconf 86' lang='lat' dir='ltr'>quem</span> <span class='ocrx_word' id='word_1_264' title='bbox 921 3003 1035 3054; x_wconf 84' lang='lat' dir='ltr'>tenetur</span> <span class='ocrx_word' id='word_1_265' title='bbox 1046 3001 1180 3071; x_wconf 81' lang='lat' dir='ltr'>megister</span> <span class='ocrx_word' id='word_1_266' title='bbox 1192 3002 1306 3058; x_wconf 81' lang='lat' dir='ltr'>Huntcr</span> <span class='ocrx_word' id='word_1_267' title='bbox 1318 3006 1338 3064; x_wconf 81' lang='lat' dir='ltr'>f,</span> <span class='ocrx_word' id='word_1_268' title='bbox 1356 3009 1372 3068; x_wconf 85' lang='grc'><strong>7</strong></span> <span class='ocrx_word' id='word_1_269' title='bbox 1386 3007 1405 3064; x_wconf 86' lang='lat' dir='ltr'>b</span> 
     </span>
     <span class='ocr_line' id='line_1_30' title="bbox 216 3086 1305 3160; baseline -0.002 -14"><span class='ocrx_word' id='word_1_270' title='bbox 216 3091 327 3146; x_wconf 86' lang='lat' dir='ltr'>retions</span> <span class='ocrx_word' id='word_1_271' title='bbox 342 3087 446 3160; x_wconf 60' lang='lat' dir='ltr'>pedus</span> <span class='ocrx_word' id='word_1_272' title='bbox 457 3086 704 3143; x_wconf 79' lang='lat' dir='ltr'>becohsleurcetus</span> <span class='ocrx_word' id='word_1_273' title='bbox 716 3087 746 3140; x_wconf 91' lang='lat' dir='ltr'>in</span> <span class='ocrx_word' id='word_1_274' title='bbox 759 3086 898 3157; x_wconf 80' lang='lat' dir='ltr'>theologis</span> <span class='ocrx_word' id='word_1_275' title='bbox 910 3088 1032 3158; x_wconf 90' lang='lat' dir='ltr'>suscepti</span> <span class='ocrx_word' id='word_1_276' title='bbox 1051 3088 1154 3142; x_wconf 86' lang='lat' dir='ltr'>mutsri</span> <span class='ocrx_word' id='word_1_277' title='bbox 1171 3090 1261 3160; x_wconf 82' lang='lat' dir='ltr'>possit</span> <span class='ocrx_word' id='word_1_278' title='bbox 1275 3089 1305 3144; x_wconf 91' lang='lat' dir='ltr'>in</span> 
     </span>
     <span class='ocr_line' id='line_1_31' title="bbox 216 3173 1305 3250; baseline 0 -18"><span class='ocrx_word' id='word_1_279' title='bbox 216 3180 340 3250; x_wconf 72' lang='lat' dir='ltr'>quatuor</span> <span class='ocrx_word' id='word_1_280' title='bbox 363 3191 504 3230; x_wconf 89' lang='lat' dir='ltr'>sermones</span> <span class='ocrx_word' id='word_1_281' title='bbox 527 3173 563 3228; x_wconf 90' lang='lat' dir='ltr'>ed</span> <span class='ocrx_word' id='word_1_282' title='bbox 585 3173 719 3244; x_wconf 91' lang='lat' dir='ltr'>populum</span> <span class='ocrx_word' id='word_1_283' title='bbox 743 3178 774 3228; x_wconf 91' lang='lat' dir='ltr'>et</span> <span class='ocrx_word' id='word_1_284' title='bbox 797 3173 891 3228; x_wconf 82' lang='lat' dir='ltr'>solunt</span> <span class='ocrx_word' id='word_1_285' title='bbox 915 3175 1093 3229; x_wconf 84' lang='lat' dir='ltr'>vniuersiteti</span> <span class='ocrx_word' id='word_1_286' title='bbox 1119 3175 1206 3246; x_wconf 88' lang='lat' dir='ltr'>xxvjs</span> <span class='ocrx_word' id='word_1_287' title='bbox 1230 3176 1305 3248; x_wconf 83' lang='lat' dir='ltr'>viijd</span> 
     </span>
     <span class='ocr_line' id='line_1_32' title="bbox 217 3261 1048 3337; baseline -0.004 -18"><span class='ocrx_word' id='word_1_288' title='bbox 217 3264 353 3337; x_wconf 87' lang='lat' dir='ltr'>quonism</span> <span class='ocrx_word' id='word_1_289' title='bbox 372 3263 481 3318; x_wconf 89' lang='lat' dir='ltr'>nullum</span> <span class='ocrx_word' id='word_1_290' title='bbox 498 3261 548 3332; x_wconf 91' lang='lat' dir='ltr'>qui</span> <span class='ocrx_word' id='word_1_291' title='bbox 565 3261 711 3332; x_wconf 74' lang='lat' dir='ltr'>disputare</span> <span class='ocrx_word' id='word_1_292' title='bbox 730 3261 797 3316; x_wconf 88' lang='lat' dir='ltr'>velit</span> <span class='ocrx_word' id='word_1_293' title='bbox 815 3262 940 3316; x_wconf 85' lang='lat' dir='ltr'>invenire</span> <span class='ocrx_word' id='word_1_294' title='bbox 958 3262 1048 3333; x_wconf 90' lang='lat' dir='ltr'>possit</span> 
     </span>
    </p>

    <p class='ocr_par' dir='ltr' id='par_1_10' title="bbox 151 3348 1307 3767">
     <span class='ocr_line' id='line_1_33' title="bbox 151 3348 1307 3421; baseline 0.001 -16"><span class='ocrx_word' id='word_1_295' title='bbox 151 3351 223 3408; x_wconf 85' lang='lat' dir='ltr'>item</span> <span class='ocrx_word' id='word_1_296' title='bbox 240 3350 403 3408; x_wconf 90' lang='lat' dir='ltr'>conceditur</span> <span class='ocrx_word' id='word_1_297' title='bbox 414 3354 446 3404; x_wconf 86' lang='lat' dir='ltr'>vt</span> <span class='ocrx_word' id='word_1_298' title='bbox 459 3349 580 3421; x_wconf 82' lang='lat' dir='ltr'>preistio</span> <span class='ocrx_word' id='word_1_299' title='bbox 592 3348 692 3404; x_wconf 70' lang='lat' dir='ltr'>habite</span> <span class='ocrx_word' id='word_1_300' title='bbox 703 3348 839 3420; x_wconf 87' lang='lat' dir='ltr'>postridie</span> <span class='ocrx_word' id='word_1_301' title='bbox 850 3350 1058 3404; x_wconf 89' lang='lat' dir='ltr'>commitiorum</span> <span class='ocrx_word' id='word_1_302' title='bbox 1070 3367 1088 3404; x_wconf 85' lang='lat' dir='ltr'>e</span> <span class='ocrx_word' id='word_1_303' title='bbox 1100 3349 1307 3406; x_wconf 87' lang='lat' dir='ltr'>beccheleureis</span> 
     </span>
     <span class='ocr_line' id='line_1_34' title="bbox 219 3437 1307 3510; baseline -0.001 -16"><span class='ocrx_word' id='word_1_304' title='bbox 219 3439 358 3510; x_wconf 77' lang='lat' dir='ltr'>theologie</span> <span class='ocrx_word' id='word_1_305' title='bbox 376 3439 498 3494; x_wconf 87' lang='lat' dir='ltr'>sufficiet</span> <span class='ocrx_word' id='word_1_306' title='bbox 514 3437 556 3492; x_wconf 89' lang='lat' dir='ltr'>eis</span> <span class='ocrx_word' id='word_1_307' title='bbox 574 3437 623 3507; x_wconf 90' lang='lat' dir='ltr'>qui</span> <span class='ocrx_word' id='word_1_308' title='bbox 641 3454 717 3491; x_wconf 92' lang='lat' dir='ltr'>nunc</span> <span class='ocrx_word' id='word_1_309' title='bbox 735 3442 852 3491; x_wconf 88' lang='lat' dir='ltr'>suntet</span> <span class='ocrx_word' id='word_1_310' title='bbox 870 3437 920 3506; x_wconf 90' lang='lat' dir='ltr'>qui</span> <span class='ocrx_word' id='word_1_311' title='bbox 941 3437 970 3491; x_wconf 93' lang='lat' dir='ltr'>in</span> <span class='ocrx_word' id='word_1_312' title='bbox 992 3441 1136 3506; x_wconf 89' lang='lat' dir='ltr'>posterum</span> <span class='ocrx_word' id='word_1_313' title='bbox 1153 3443 1236 3492; x_wconf 88' lang='lat' dir='ltr'>erunt</span> <span class='ocrx_word' id='word_1_314' title='bbox 1257 3456 1307 3509; x_wconf 88' lang='lat' dir='ltr'>pro</span> 
     </span>
     <span class='ocr_line' id='line_1_35' title="bbox 218 3523 1306 3598; baseline -0.001 -16"><span class='ocrx_word' id='word_1_315' title='bbox 218 3528 339 3582; x_wconf 87' lang='lat' dir='ltr'>lectione</span> <span class='ocrx_word' id='word_1_316' title='bbox 367 3527 493 3598; x_wconf 73' lang='lat' dir='ltr'>magistri</span> <span class='ocrx_word' id='word_1_317' title='bbox 523 3525 727 3580; x_wconf 80' lang='lat' dir='ltr'>sententiarum</span> <span class='ocrx_word' id='word_1_318' title='bbox 752 3524 887 3594; x_wconf 81' lang='lat' dir='ltr'>quonism</span> <span class='ocrx_word' id='word_1_319' title='bbox 911 3523 1077 3594; x_wconf 82' lang='lat' dir='ltr'>megistrum</span> <span class='ocrx_word' id='word_1_320' title='bbox 1102 3527 1306 3581; x_wconf 71' lang='lat' dir='ltr'>sententiarum</span> 
     </span>
     <span class='ocr_line' id='line_1_36' title="bbox 219 3608 1307 3685; baseline -0.003 -16"><span class='ocrx_word' id='word_1_321' title='bbox 219 3616 310 3685; x_wconf 78' lang='lat' dir='ltr'>tegere</span> <span class='ocrx_word' id='word_1_322' title='bbox 327 3631 376 3685; x_wconf 88' lang='lat' dir='ltr'>per</span> <span class='ocrx_word' id='word_1_323' title='bbox 392 3612 481 3684; x_wconf 82' lang='lat' dir='ltr'>regies</span> <span class='ocrx_word' id='word_1_324' title='bbox 497 3610 686 3665; x_wconf 89' lang='lat' dir='ltr'>iniunctiones</span> <span class='ocrx_word' id='word_1_325' title='bbox 702 3627 759 3664; x_wconf 93' lang='lat' dir='ltr'>non</span> <span class='ocrx_word' id='word_1_326' title='bbox 776 3609 842 3663; x_wconf 89' lang='lat' dir='ltr'>licet</span> <span class='ocrx_word' id='word_1_327' title='bbox 855 3612 885 3662; x_wconf 91' lang='lat' dir='ltr'>et</span> <span class='ocrx_word' id='word_1_328' title='bbox 896 3608 971 3680; x_wconf 89' lang='lat' dir='ltr'>quod</span> <span class='ocrx_word' id='word_1_329' title='bbox 989 3626 1046 3663; x_wconf 88' lang='lat' dir='ltr'>nou</span> <span class='ocrx_word' id='word_1_330' title='bbox 1059 3615 1210 3665; x_wconf 78' lang='lat' dir='ltr'>teneantur</span> <span class='ocrx_word' id='word_1_331' title='bbox 1225 3629 1307 3684; x_wconf 90' lang='lat' dir='ltr'>prop-</span> 
     </span>
     <span class='ocr_line' id='line_1_37' title="bbox 220 3698 857 3767; baseline -0.008 -9"><span class='ocrx_word' id='word_1_332' title='bbox 220 3702 346 3758; x_wconf 87' lang='lat' dir='ltr'>tereeed</span> <span class='ocrx_word' id='word_1_333' title='bbox 359 3702 519 3756; x_wconf 80' lang='lat' dir='ltr'>ulteriorem</span> <span class='ocrx_word' id='word_1_334' title='bbox 531 3698 713 3754; x_wconf 81' lang='lat' dir='ltr'>residentium</span> <span class='ocrx_word' id='word_1_335' title='bbox 854 3764 857 3767; x_wconf 22' lang='lat'>¹</span> 
     </span>
    </p>

    <p class='ocr_par' dir='ltr' id='par_1_11' title="bbox 153 3782 1399 4304">
     <span class='ocr_line' id='line_1_38' title="bbox 153 3782 1308 3858; baseline 0.001 -17"><span class='ocrx_word' id='word_1_336' title='bbox 153 3787 224 3845; x_wconf 81' lang='lat' dir='ltr'>Item</span> <span class='ocrx_word' id='word_1_337' title='bbox 242 3788 404 3845; x_wconf 88' lang='lat' dir='ltr'>conceditur</span> <span class='ocrx_word' id='word_1_338' title='bbox 419 3796 452 3843; x_wconf 89' lang='lat' dir='ltr'>vt</span> <span class='ocrx_word' id='word_1_339' title='bbox 465 3805 499 3842; x_wconf 89' lang='lat' dir='ltr'>ee</span> <span class='ocrx_word' id='word_1_340' title='bbox 517 3786 660 3858; x_wconf 87' lang='lat' dir='ltr'>responsio</span> <span class='ocrx_word' id='word_1_341' title='bbox 680 3784 717 3840; x_wconf 80' lang='lat' dir='ltr'>ed</span> <span class='ocrx_word' id='word_1_342' title='bbox 738 3802 825 3855; x_wconf 82' lang='lat' dir='ltr'>quem</span> <span class='ocrx_word' id='word_1_343' title='bbox 843 3789 957 3839; x_wconf 87' lang='lat' dir='ltr'>tenetur</span> <span class='ocrx_word' id='word_1_344' title='bbox 975 3782 1105 3839; x_wconf 88' lang='lat' dir='ltr'>Oliuerus</span> <span class='ocrx_word' id='word_1_345' title='bbox 1121 3786 1308 3857; x_wconf 83' lang='lat' dir='ltr'>Aynsworthe</span> 
     </span>
     <span class='ocr_line' id='line_1_39' title="bbox 220 3872 1308 3945; baseline -0.003 -12"><span class='ocrx_word' id='word_1_346' title='bbox 220 3879 328 3933; x_wconf 89' lang='lat' dir='ltr'>retione</span> <span class='ocrx_word' id='word_1_347' title='bbox 343 3876 592 3932; x_wconf 85' lang='lat' dir='ltr'>beochsleureetus</span> <span class='ocrx_word' id='word_1_348' title='bbox 611 3875 640 3929; x_wconf 94' lang='lat' dir='ltr'>in</span> <span class='ocrx_word' id='word_1_349' title='bbox 657 3873 797 3944; x_wconf 84' lang='lat' dir='ltr'>theologis</span> <span class='ocrx_word' id='word_1_350' title='bbox 811 3873 902 3945; x_wconf 87' lang='lat' dir='ltr'>possit</span> <span class='ocrx_word' id='word_1_351' title='bbox 916 3873 1021 3927; x_wconf 91' lang='lat' dir='ltr'>muteri</span> <span class='ocrx_word' id='word_1_352' title='bbox 1036 3873 1065 3926; x_wconf 89' lang='lat' dir='ltr'>in</span> <span class='ocrx_word' id='word_1_353' title='bbox 1083 3872 1153 3928; x_wconf 88' lang='lat' dir='ltr'>duos</span> <span class='ocrx_word' id='word_1_354' title='bbox 1165 3892 1308 3930; x_wconf 88' lang='lat' dir='ltr'>sermones</span> 
     </span>
     <span class='ocr_line' id='line_1_40' title="bbox 219 3959 1308 4034; baseline -0.003 -13"><span class='ocrx_word' id='word_1_355' title='bbox 219 3983 307 4022; x_wconf 88' lang='lat' dir='ltr'>vnum</span> <span class='ocrx_word' id='word_1_356' title='bbox 331 3965 367 4020; x_wconf 90' lang='lat' dir='ltr'>ed</span> <span class='ocrx_word' id='word_1_357' title='bbox 391 3966 496 4020; x_wconf 87' lang='lat' dir='ltr'>clerum</span> <span class='ocrx_word' id='word_1_358' title='bbox 520 3969 587 4018; x_wconf 85' lang='lat' dir='ltr'>ente</span> <span class='ocrx_word' id='word_1_359' title='bbox 610 3963 714 4017; x_wconf 81' lang='lat' dir='ltr'>festum</span> <span class='ocrx_word' id='word_1_360' title='bbox 741 3961 832 4015; x_wconf 89' lang='lat' dir='ltr'>seneti</span> <span class='ocrx_word' id='word_1_361' title='bbox 852 3960 971 4016; x_wconf 83' lang='lat' dir='ltr'>Joannis</span> <span class='ocrx_word' id='word_1_362' title='bbox 996 3959 1123 4032; x_wconf 80' lang='lat' dir='ltr'>Baptiste</span> <span class='ocrx_word' id='word_1_363' title='bbox 1149 3963 1308 4034; x_wconf 84' lang='lat' dir='ltr'>proximum</span> 
     </span>
     <span class='ocr_line' id='line_1_41' title="bbox 220 4049 1308 4124; baseline -0.003 -14"><span class='ocrx_word' id='word_1_364' title='bbox 220 4054 340 4110; x_wconf 75' lang='lat' dir='ltr'>alterum</span> <span class='ocrx_word' id='word_1_365' title='bbox 365 4053 401 4108; x_wconf 90' lang='lat' dir='ltr'>ed</span> <span class='ocrx_word' id='word_1_366' title='bbox 421 4053 557 4124; x_wconf 74' lang='lat' dir='ltr'>placitum</span> <span class='ocrx_word' id='word_1_367' title='bbox 578 4051 619 4106; x_wconf 91' lang='lat' dir='ltr'>sie</span> <span class='ocrx_word' id='word_1_368' title='bbox 640 4050 714 4123; x_wconf 90' lang='lat' dir='ltr'>quod</span> <span class='ocrx_word' id='word_1_369' title='bbox 740 4049 833 4104; x_wconf 87' lang='lat' dir='ltr'>soluet</span> <span class='ocrx_word' id='word_1_370' title='bbox 850 4049 1028 4103; x_wconf 79' lang='lat' dir='ltr'>uniuersiteti</span> <span class='ocrx_word' id='word_1_371' title='bbox 1050 4049 1196 4122; x_wconf 86' lang='lat' dir='ltr'>xiijsiiijd</span> <span class='ocrx_word' id='word_1_372' title='bbox 1233 4051 1308 4107; x_wconf 86' lang='lat' dir='ltr'>Nem</span> 
     </span>
     <span class='ocr_line' id='line_1_42' title="bbox 221 4136 1399 4215; baseline -0.007 -17"><span class='ocrx_word' id='word_1_373' title='bbox 221 4159 405 4215; x_wconf 85' lang='lat' dir='ltr'>sepenumero</span> <span class='ocrx_word' id='word_1_374' title='bbox 426 4158 478 4213; x_wconf 82' lang='lat' dir='ltr'>pro</span> <span class='ocrx_word' id='word_1_375' title='bbox 499 4140 678 4212; x_wconf 89' lang='lat' dir='ltr'>responsione</span> <span class='ocrx_word' id='word_1_376' title='bbox 700 4136 830 4192; x_wconf 79' lang='lat' dir='ltr'>habendo</span> <span class='ocrx_word' id='word_1_377' title='bbox 854 4137 959 4192; x_wconf 88' lang='lat' dir='ltr'>multos</span> <span class='ocrx_word' id='word_1_378' title='bbox 978 4136 1130 4193; x_wconf 82' lang='lat' dir='ltr'>solicitevit</span> <span class='ocrx_word' id='word_1_379' title='bbox 1148 4143 1178 4193; x_wconf 92' lang='lat' dir='ltr'>et</span> <span class='ocrx_word' id='word_1_380' title='bbox 1199 4139 1308 4195; x_wconf 92' lang='lat' dir='ltr'>nullum</span> <span class='ocrx_word' id='word_1_381' title='bbox 1396 4179 1399 4190; x_wconf 93' lang='lat'>.</span> 
     </span>
     <span class='ocr_line' id='line_1_43' title="bbox 220 4223 1067 4304; baseline -0.009 -18"><span class='ocrx_word' id='word_1_382' title='bbox 220 4231 314 4304; x_wconf 88' lang='lat' dir='ltr'>potuit</span> <span class='ocrx_word' id='word_1_383' title='bbox 331 4229 459 4286; x_wconf 88' lang='lat' dir='ltr'>obtinere</span> <span class='ocrx_word' id='word_1_384' title='bbox 476 4229 527 4302; x_wconf 91' lang='lat' dir='ltr'>qui</span> <span class='ocrx_word' id='word_1_385' title='bbox 544 4227 718 4300; x_wconf 76' lang='lat' dir='ltr'>provinciam</span> <span class='ocrx_word' id='word_1_386' title='bbox 736 4223 894 4296; x_wconf 90' lang='lat' dir='ltr'>opponendi</span> <span class='ocrx_word' id='word_1_387' title='bbox 912 4225 1067 4296; x_wconf 86' lang='lat' dir='ltr'>susciperet</span> 
     </span>
    </p>

    <p class='ocr_par' dir='ltr' id='par_1_12' title="bbox 156 4311 1309 4556">
     <span class='ocr_line' id='line_1_44' title="bbox 156 4311 1309 4388; baseline 0.001 -18"><span class='ocrx_word' id='word_1_388' title='bbox 156 4313 226 4373; x_wconf 85' lang='lat' dir='ltr'>Item</span> <span class='ocrx_word' id='word_1_389' title='bbox 238 4317 399 4374; x_wconf 90' lang='lat' dir='ltr'>conceditur</span> <span class='ocrx_word' id='word_1_390' title='bbox 411 4322 442 4372; x_wconf 88' lang='lat' dir='ltr'>vt</span> <span class='ocrx_word' id='word_1_391' title='bbox 458 4315 602 4388; x_wconf 87' lang='lat' dir='ltr'>responsio</span> <span class='ocrx_word' id='word_1_392' title='bbox 614 4315 644 4368; x_wconf 91' lang='lat' dir='ltr'>in</span> <span class='ocrx_word' id='word_1_393' title='bbox 655 4312 865 4368; x_wconf 89' lang='lat' dir='ltr'>commitiorum</span> <span class='ocrx_word' id='word_1_394' title='bbox 876 4311 923 4366; x_wconf 92' lang='lat' dir='ltr'>die</span> <span class='ocrx_word' id='word_1_395' title='bbox 935 4311 1064 4367; x_wconf 85' lang='lat' dir='ltr'>hebcnde</span> <span class='ocrx_word' id='word_1_396' title='bbox 1075 4313 1115 4367; x_wconf 89' lang='lat' dir='ltr'>sit</span> <span class='ocrx_word' id='word_1_397' title='bbox 1129 4315 1309 4385; x_wconf 87' lang='lat' dir='ltr'>respondenti</span> 
     </span>
     <span class='ocr_line' id='line_1_45' title="bbox 222 4402 646 4478; baseline -0.012 -17"><span class='ocrx_word' id='word_1_398' title='bbox 222 4405 281 4460; x_wconf 87' lang='lat' dir='ltr'>vice</span> <span class='ocrx_word' id='word_1_399' title='bbox 292 4403 482 4478; x_wconf 75' lang='lat' dir='ltr'>reupontionis</span> <span class='ocrx_word' id='word_1_400' title='bbox 492 4419 544 4476; x_wconf 91' lang='lat' dir='ltr'>pro</span> <span class='ocrx_word' id='word_1_401' title='bbox 555 4402 646 4458; x_wconf 83' lang='lat' dir='ltr'>forme</span> 
     </span>
     <span class='ocr_line' id='line_1_46' title="bbox 233 4491 1228 4556; baseline -0.005 -3"><span class='ocrx_word' id='word_1_402' title='bbox 233 4512 258 4554; x_wconf 85' lang='grc' dir='ltr'>ι.</span> <span class='ocrx_word' id='word_1_403' title='bbox 276 4511 317 4556; x_wconf 90' lang='lat' dir='ltr'>1v.</span> <span class='ocrx_word' id='word_1_404' title='bbox 1211 4491 1228 4548; x_wconf 83' lang='lat'>2</span> 
     </span>
    </p>
   </div>
   <div class='ocr_carea' id='block_1_6' title="bbox 0 0 1685 5110">
    <p class='ocr_par' dir='ltr' id='par_1_13' title="bbox 0 0 1685 5110">
     <span class='ocr_line' id='line_1_47' title="bbox 0 0 1685 5110; baseline 0 0"><span class='ocrx_word' id='word_1_405' title='bbox 0 0 1685 5110; x_wconf 95' lang='lat' dir='ltr'> </span> 
     </span>
    </p>
   </div>
  </div>
 </body>
</html>
