3398 5122
191 359 355 443 1586-87]
627 376 855 425 0000000011
880 377 903 423 Δ
1283 361 1347 424 415

261 529 364 585 habeat
376 530 580 586 testimoniales
591 529 727 601 sigillatas
740 529 833 599 sigillo
844 532 938 584 vestro
949 529 1094 584 communi
1139 529 1245 586 Eadem
1258 529 1349 601 gratia

260 618 423 674 disceditur
440 618 538 675 eodem
557 618 690 689 magistro
712 616 850 672 Nioholao
871 617 966 672 Stecrs
988 617 1126 688 theologie
1147 616 1348 673 bacchalauroo

261 711 278 760 8
294 707 362 762 Maii
379 706 600 762 100ωο110100
643 708 691 762 27⁰
706 705 775 759 Maii
791 705 861 760 Tho.
881 704 1016 760 Whitnell
1033 705 1062 760 in
1079 705 1190 761 artibus
1206 705 1349 777 magistris

261 801 290 848 5⁰
301 795 319 849 1
322 794 371 850 0111
384 795 520 865 magistro
531 794 549 848 J
551 811 575 848 o.
591 793 702 848 Hearde
716 793 762 846 W⁰
776 792 878 846 Hawes
895 793 1001 863 Rogero
1020 790 1132 847 Morrell
1150 793 1226 848 Osm.
1242 793 1349 848 Boorne

262 882 355 936 David
369 881 504 937 Robertes
516 899 595 937 sacre
607 881 745 952 theologie
757 879 967 936 bacchalanreis

192 969 361 1024 Conceditur
373 974 402 1024 2ο
413 969 493 1024 10011
530 969 603 1024 Cum
615 971 733 1024 oratoris
746 969 833 1024 vestri
848 985 952 1024 munus
966 967 1063 1023 multis
1075 971 1234 1040 expositum
1247 969 1345 1024 labori-

260 1056 314 1111 bus
326 1073 412 1128 parvo
423 1057 577 1113 admodum
589 1056 732 1128 stipendio
743 1061 941 1128 compensetur
954 1072 1053 1126 parum
1065 1055 1150 1127 digno
1159 1061 1220 1111 tam
1229 1055 1347 1112 honesta

262 1145 482 1199 existimacionis
506 1144 596 1198 officio
619 1143 714 1198 Placet
739 1143 819 1198 vobis
843 1149 875 1198 vt
900 1144 929 1197 in
954 1161 1080 1198 annuum
1105 1144 1190 1199 huius
1214 1145 1346 1217 stipendii

264 1233 469 1287 incrementum
481 1232 584 1303 singuli
596 1231 728 1304 deinceps
740 1231 910 1287 admittendi
922 1231 959 1286 ad
972 1231 1196 1303 respondendnm
1207 1234 1347 1303 questioni

263 1337 310 1374 sex
332 1319 461 1376 denarios
477 1321 508 1375 et
525 1321 628 1391 singuli
652 1319 823 1376 admittendi
841 1320 876 1375 ad
896 1320 1087 1392 incipiendum
1106 1323 1135 1376 in
1153 1321 1263 1376 artibus
1280 1320 1347 1376 duo-

263 1409 353 1464 decim
373 1409 504 1464 denarios
525 1410 628 1464 oratori
650 1409 761 1464 solvant
779 1413 809 1462 et
827 1413 859 1463 vt
878 1409 928 1463 heo
947 1409 1089 1464 concessio
1108 1415 1201 1464 vestra
1219 1427 1348 1480 procura-

261 1503 356 1552 torum
368 1496 448 1552 libris
460 1497 534 1552 inira
546 1497 641 1552 decem
658 1497 719 1552 dies
734 1497 840 1552 inserta
855 1515 905 1568 pro
920 1501 1030 1552 statuto
1045 1497 1183 1552 habeatnr
1226 1502 1255 1552 2ο
1268 1497 1348 1552 10011

261 1601 336 1640 anno
349 1583 463 1639 Domini
479 1588 546 1640 1187
559 1589 590 1640 01
603 1585 680 1656 regni
693 1584 787 1655 regine
801 1584 964 1640 Elisabethe
977 1589 1010 1641 29

193 1672 363 1729 Conceditur
386 1677 419 1727 12
442 1671 522 1728 Junii
567 1671 638 1726 Cum
661 1671 852 1744 superioribus
872 1672 948 1727 hisce
965 1671 1065 1728 diebus
1083 1673 1197 1744 quidam
1217 1674 1349 1744 oppidani

262 1767 377 1830 propter
395 1757 533 1812 demerita
551 1774 603 1812 sua
621 1763 651 1812 et
671 1756 886 1813 intollerabilem
902 1755 1037 1812 adversus
1053 1758 1226 1814 academiam
1243 1764 1273 1814 et
1288 1777 1348 1814 aca-

263 1844 386 1900 demicos
406 1844 640 1916 ingratitudinem
660 1863 678 1898 a
699 1843 883 1900 contubernio
900 1845 1069 1900 scholarium
1088 1851 1156 1900 sunt
1173 1848 1303 1918 suspensi
1320 1852 1350 1902 et

262 1930 403 1987 scholares
418 1937 448 1986 et
464 1948 560 1986 eornm
576 1929 676 1986 famuli
693 1948 757 1985 cnm
773 1929 880 1986 eisdem
898 1932 998 2000 quovis
1017 1931 1099 1986 modo
1117 1932 1281 1988 contrahere
1298 1939 1349 1988 aut

264 2021 403 2092 negociari
420 2022 518 2076 stricte
534 2025 564 2074 et
580 2019 635 2075 sub
650 2021 727 2090 gravi
745 2019 851 2075 mulcta
866 2026 935 2075 sunt
951 2020 1094 2076 interdicti
1112 2020 1207 2076 Placet
1222 2021 1301 2076 vobis
1317 2028 1349 2077 vt

264 2109 425 2165 huiusmodi
442 2109 586 2164 antedicta
602 2108 715 2164 decreta
732 2115 761 2163 et
779 2109 809 2162 in
828 2113 970 2180 posterum
987 2108 1161 2164 decernenda
1176 2115 1269 2165 vestra
1285 2129 1349 2165 auc-

264 2198 380 2253 toritate
402 2202 465 2252 rata
486 2202 516 2251 et
536 2197 618 2252 firma
638 2195 797 2252 habeantur
814 2203 844 2252 et
862 2197 891 2251 in
910 2201 1053 2268 posterum
1075 2215 1133 2252 non
1154 2198 1351 2255 rescindantur

265 2287 326 2342 sine
342 2303 480 2342 consensu
499 2289 529 2341 et
547 2302 665 2340 assensu
682 2286 771 2340 totins
788 2289 904 2340 senatus
948 2287 986 2340 Et
1005 2286 1080 2356 quod
1102 2287 1152 2342 hec
1172 2288 1279 2358 rogatio
1299 2306 1351 2360 pro

264 2381 374 2432 statuto
390 2375 529 2431 habeatur
544 2379 574 2430 et
591 2377 621 2430 10
638 2374 724 2429 libros
743 2379 954 2446 procuratorum
971 2373 1146 2430 describatur
1163 2376 1237 2431 inira
1254 2375 1349 2432 decem

264 2464 324 2520 dies
336 2464 478 2536 proximos
490 2465 671 2534 insequentes
707 2465 744 2519 Et
756 2465 872 2535 insuper
885 2468 916 2518 vt
928 2464 1030 2535 singuli
1043 2463 1194 2519 academici
1212 2467 1350 2522 cautiores

264 2552 323 2607 sint
339 2555 369 2606 et
385 2550 521 2605 mulctam
538 2549 722 2620 prescriptam
739 2549 867 2604 devitent
884 2555 915 2603 vt
934 2549 984 2604 hec
1000 2550 1109 2621 rogatio
1124 2549 1242 2621 singulis
1261 2552 1349 2607 101011

265 2640 400 2712 temporis
419 2639 549 2694 terminis
569 2639 663 2710 palam
681 2641 711 2692 et
727 2639 838 2710 publice
855 2655 904 2709 per
920 2637 1041 2694 alterum
1058 2645 1272 2710 procuratorum
1289 2658 1350 2712 pre·

264 2728 372 2798 legatur
384 2727 413 2782 in
426 2727 509 2798 pleno
528 2733 558 2782 et
576 2727 716 2798 frequenti
733 2731 833 2782 senatu
847 2743 902 2780 vna
918 2743 983 2782 cum
1000 2726 1162 2783 nominibus
1179 2729 1304 2784 omnium
1321 2733 1351 2783 et

264 2815 438 2886 singrdorum
451 2814 492 2868 sic
506 2819 536 2868 vt
548 2813 703 2886 predicitur
715 2832 915 2886 suspensorum

196 2901 366 2956 Conceditur
385 2907 402 2956 2
421 2901 501 2956 iunii
545 2901 617 2956 Cum
635 2906 746 2957 statuto
764 2909 880 2958 cautum
902 2903 941 2957 sit
959 2909 991 2958 vt
1009 2921 1106 2959 omnes
1124 2905 1301 2976 mulctaque
1320 2909 1348 2961 in

265 2989 349 3060 repis
367 2991 486 3044 statutis
506 2995 575 3045 0001
594 2991 748 3062 prescripta
767 2993 796 3045 in
819 2997 877 3046 tres
896 2995 991 3062 partes
1010 2990 1176 3048 dividantur
1195 2994 1249 3048 nisi
1268 2995 1350 3051 aliter

265 3077 399 3148 singulari
415 3079 511 3148 aliqua
526 3078 585 3150 lege
600 3080 639 3134 sit
655 3080 799 3150 provisum
817 3097 873 3151 quo
889 3080 1003 3150 quidem
1021 3098 1076 3136 non
1094 3081 1225 3138 obstante
1241 3087 1350 3140 statuto

265 3166 376 3236 questio
400 3183 456 3220 non
481 3166 522 3220 ita
545 3165 654 3238 pridem
678 3166 754 3222 iacta
777 3167 816 3222 sit
839 3167 874 3222 ad
899 3184 970 3238 quos
993 3169 1173 3238 potissimum
1198 3173 1350 3241 pertineret

266 3254 373 3310 mulcta
386 3253 434 3308 illa
445 3254 541 3309 decem
553 3255 706 3310 solidorum
719 3271 805 3326 qnam
819 3272 868 3309 vos
880 3272 954 3309 anno
966 3253 1072 3311 domini
1085 3261 1153 3313 1578
1167 3260 1271 3314 mensis
1286 3279 1349 3315 vero

266 3343 362 3399 Martii
379 3342 424 3397 die
442 3347 477 3397 23
493 3341 738 3397 concionatoribus
752 3348 867 3414 propter
881 3343 1000 3398 omissas
1016 3346 1163 3400 conciones
1180 3351 1274 3403 vestro
1286 3366 1349 3403 oon-

160 3462 162 3468 r
267 3449 351 3486 00000
377 3435 441 3485 tum
466 3429 608 3485 stabilitas
632 3429 812 3501 infligendam
836 3429 999 3487 decrevistis
1022 3432 1174 3489 eorundem
1201 3435 1350 3506 Regiorum

266 3526 438 3576 statutorum
463 3519 633 3574 auctoritate
658 3519 762 3574 muniti
783 3537 903 3590 cumque
924 3520 953 3574 in
973 3519 1021 3574 1110
1039 3525 1132 3576 100110
1150 3521 1262 3578 (1001010
1281 3525 1350 3579 nihil

263 3609 421 3679 reperiatur
433 3624 490 3678 quo
502 3605 597 3662 minus
609 3605 717 3660 mulcta
728 3605 859 3661 videatur
872 3607 900 3660 in
914 3612 972 3662 tres
985 3611 1079 3678 partes
1094 3608 1245 3666 dividenda
1256 3611 1351 3668 Placet

265 3695 345 3751 vobis
354 3705 386 3750 vt
397 3695 493 3750 eadem
507 3695 613 3749 mulcta
626 3713 666 3749 xs
679 3695 735 3749 iam
745 3693 810 3748 inde
819 3711 836 3748 0
845 3695 918 3749 10010
928 3695 1073 3752 Michaelis
1082 3698 1207 3768 proxime
1217 3703 1350 3771 preterito

264 3784 452 3840 0100100110
468 3785 612 3854 posterum
628 3782 762 3852 exigenda
777 3783 807 3836 in
827 3786 884 3837 tres
902 3790 996 3854 partes
1014 3784 1157 3841 dividatur
1174 3791 1204 3842 et
1221 3788 1351 3844 similitor

262 3871 388 3942 exigatur
399 3869 637 3942 quemadmodum
650 3872 755 3941 relique
768 3872 873 3926 mulcta
885 3874 1082 3928 concionatori'
1089 3891 1128 3929 us
1139 3876 1223 3946 regiis
1231 3880 1350 3934 statutis

264 3959 396 4030 imposito
432 3958 528 4028 Atque
544 3962 576 4012 vt
592 3958 643 4012 hec
661 3965 754 4014 vestra
769 3961 910 4014 concessio
928 3977 979 4030 pro
996 3967 1106 4016 statuto
1123 3963 1259 4019 habeatnr
1275 3971 1304 4020 01
1321 3968 1349 4022 10

264 4046 343 4103 libris
355 4053 568 4118 procuratorum
581 4048 654 4102 infra
666 4065 714 4102 sex
726 4047 786 4103 dias
798 4049 968 4106 inscribatur
980 4049 1034 4105 sub
1047 4067 1120 4122 pena
1136 4069 1175 4107 xe
1191 4055 1351 4124 regn'strario

263 4135 299 4191 ad
312 4151 394 4190 vsum
406 4133 547 4189 academie
559 4135 804 4205 persolvendorum

193 4224 362 4280 Conceditur
374 4229 391 4277 5
402 4223 473 4278 10111
486 4227 517 4278 vt
529 4225 662 4294 magister
675 4224 829 4280 Malachiae
842 4225 924 4298 Kelly
938 4226 1089 4282 inertibus
1101 4229 1234 4298 magister
1250 4230 1349 4286 Hiber-

265 4329 319 4367 000
339 4329 414 4366 0000
436 4313 465 4366 10
488 4313 609 4384 patriam
631 4331 711 4368 snam
733 4331 896 4370 reuersurus
914 4315 1017 4371 habeat
1034 4317 1130 4372 literas
1149 4317 1350 4375 testimoniales

263 4399 366 4471 gradm
383 4405 413 4456 et
430 4401 653 4456 conversacionis
671 4418 721 4456 sue
738 4401 875 4472 sigillatas
893 4402 984 4474 sigillo
1003 4409 1096 4459 vostro
1113 4405 1255 4460 00000001
