3344 5110
321 365 363 427 42
754 379 867 429 emor
888 379 982 429 enon
1005 379 1027 427 e
1309 357 1474 447 [reto-4⁷

321 531 396 589 Item
407 533 569 590 oonoeditur
580 532 693 590 domino
706 534 806 590 Olerke
817 538 851 591 ut
866 551 967 591 novem
980 533 1094 590 tormini
1111 540 1177 606 poet
1191 532 1303 589 tinelom
1314 533 1376 590 eiue
1386 532 1476 589 deter-

391 622 572 678 minationem
590 623 620 678 in
636 623 740 694 quibus
755 622 889 679 lectiones
904 623 1060 679 ordinaries
1077 621 1188 677 audiuit
1202 621 1269 677 lieet
1285 639 1341 676 non
1360 620 1476 676 omnino

390 707 544 764 secundum
555 709 674 765 formem
690 711 792 766 statuti
809 727 873 764 oum
890 709 982 765 tribue
999 707 1227 781 responsionibus
1242 707 1423 764 sufficientei
1439 706 1476 762 ed

392 794 586 867 incipiendum
600 798 629 852 in
647 797 758 853 ortibus

322 884 428 940 Eodem
441 887 533 957 gretie
541 886 577 941 de
589 885 674 941 verbo
686 887 715 942 in
727 885 843 942 verbum
857 885 1019 941 comeditur
1030 885 1152 942 dominis
1166 883 1292 942 Pollerde
1303 883 1435 955 Townley
1447 886 1477 938 et

393 972 490 1029 Ebden

205 1357 310 1416 tlssa
324 1361 396 1416 Item
421 1360 583 1416 oonooditur
605 1359 719 1415 domino
744 1360 855 1432 Pynder
879 1366 910 1416 vt
932 1379 1034 1417 novem
1057 1361 1171 1417 termini
1196 1366 1260 1432 poet
1284 1360 1395 1416 finalem
1416 1361 1477 1415 eius

391 1449 654 1504 determinationem
682 1449 711 1503 in
735 1448 839 1519 quibus
862 1449 995 1503 lectiones
1018 1448 1174 1504 ordinaries
1197 1447 1308 1504 audiuit
1331 1448 1397 1503 lioet
1420 1465 1476 1503 non

392 1538 506 1592 omnino
526 1536 681 1592 seeundum
702 1537 821 1592 sormam
842 1538 945 1592 etetuti
969 1554 1033 1592 oum
1058 1537 1150 1592 tribue
1170 1536 1398 1608 responsionibus
1419 1537 1476 1592 sut-

392 1625 488 1680 iioient
509 1625 535 1679 ei
556 1624 592 1679 ed
613 1623 804 1696 incipiendum
828 1624 858 1679 in
882 1624 992 1680 ertibue
1071 1661 1074 1666 ι

323 1711 428 1767 Eodem
446 1712 537 1782 gretie
553 1711 589 1766 de
607 1711 691 1767 verbo
709 1712 738 1767 in
758 1710 874 1767 verbum
892 1712 1055 1768 oonooditor
1071 1711 1186 1767 domino
1203 1711 1389 1767 Grenewoode

324 1801 396 1855 item
418 1799 581 1856 oonooditur
600 1801 713 1856 domino
734 1801 860 1856 Thewiee
881 1809 912 1856 vt
936 1817 1035 1855 novem
1057 1801 1171 1855 termini
1196 1806 1261 1872 poet
1284 1800 1396 1856 finalem
1417 1801 1478 1855 oiue

392 1886 654 1943 determinationem
681 1888 710 1942 in
737 1887 840 1959 quibus
868 1888 1001 1942 lectiones
1025 1887 1180 1942 ordinaries
1206 1887 1317 1943 audiuit
1345 1887 1394 1942 sed
1420 1905 1476 1942 non

393 1976 547 2031 secundum
558 1976 677 2031 formem
693 1977 795 2032 etetuti
812 1994 877 2032 oum
893 1974 985 2032 tribus
1002 1975 1228 2048 responsionibus
1244 1976 1385 2032 sufficient
1399 1977 1425 2031 ei
1441 1975 1477 2031 od

393 2061 584 2134 incipiendum
596 2064 625 2117 in
638 2062 747 2118 ertibue
1183 2131 1187 2138 ῃ

323 2149 428 2204 Eodem
440 2150 531 2220 gretie
542 2148 577 2204 de
589 2149 674 2204 verbo
685 2149 715 2204 in
728 2149 844 2206 verbnm
856 2150 1018 2206 oonoeditur
1029 2150 1143 2206 domino
1155 2150 1306 2222 Atkyneon

324 2237 396 2292 item
413 2237 575 2292 oonooditur
590 2238 704 2293 domino
720 2236 895 2309 Stendyeehe
911 2244 944 2293 vt
959 2255 1058 2292 novem
1076 2238 1190 2293 termini
1206 2243 1271 2309 poet
1288 2238 1400 2294 flmlem
1416 2240 1477 2294 eine

392 2325 653 2381 determinationem
673 2325 702 2380 in
719 2325 823 2397 quibus
838 2325 971 2381 lectiones
988 2325 1143 2381 ordinaries
1154 2325 1266 2381 audiuit
1277 2343 1328 2398 per
1343 2329 1476 2382 maiorem

393 2417 502 2483 portem
520 2413 549 2467 in
569 2417 630 2467 toto
647 2429 711 2467 oum
731 2413 824 2468 tribue
842 2412 1068 2484 responsionibus
1086 2413 1227 2468 sufficient
1244 2415 1270 2469 ei
1288 2414 1325 2469 ed
1342 2415 1477 2485 incipien-

393 2499 461 2555 dum
479 2499 507 2554 in
526 2499 636 2555 ortibus

325 2588 388 2642 Vna
405 2604 469 2642 cum
491 2586 536 2641 hie
554 2586 660 2657 inoepit
677 2585 808 2641 dominns
827 2587 926 2641 Sedier
943 2587 978 2642 de
996 2587 1110 2658 collegio
1130 2587 1224 2658 Regali

424 2933 589 2996 Numeros
610 2930 795 3020 regentium
819 2929 918 2995 huius
940 2931 1017 2995 enni
1034 2931 1135 3018 juxte
1156 2931 1379 2998 senioritetem

556 3085 712 3142 ¹Bemerde
1084 3087 1174 3144 Kelke

571 3173 748 3246 Pyikyngton
1081 3173 1251 3232 Grenwtooe

1081 3263 1192 3334 Pynder

1081 3351 1231 3422 Atiryneon

1081 3438 1176 3493 Rooke

1082 3523 1222 3596 Dyloooke

1080 3611 1180 3668 Olerke

1081 3701 1255 3773 Stendyeehe

1080 3787 1178 3844 Sedler

779 4021 820 4086 In
842 4020 913 4086 iure
936 4021 1026 4087 ciuili

327 4175 361 4229 In
380 4153 479 4246 primis
496 4173 659 4230 oonooditur
674 4173 822 4230 honoieoo
840 4175 1009 4230 Momiorthe
1026 4179 1058 4230 vt
1072 4176 1201 4232 studium
1217 4182 1280 4232 ooto
1295 4195 1433 4234 annorum
1450 4177 1479 4231 in

392 4264 456 4335 jure
474 4263 551 4320 ciuili
567 4263 690 4319 sufficiet
706 4264 732 4319 ei
751 4263 788 4318 ed
806 4262 969 4320 intrandum
988 4265 1017 4319 in
1036 4264 1133 4320 eodem
1147 4265 1211 4337 jure

390 4403 399 4435 ¹
417 4403 500 4454 These
512 4419 602 4456 nemen
613 4419 656 4456 ere
667 4405 768 4454 written
780 4405 905 4470 eideweye
916 4405 994 4470 eiong
1005 4407 1050 4458 the
1061 4407 1161 4458 bottom
1172 4407 1234 4470 edge
1245 4408 1275 4458 ot
1284 4407 1318 4458 to.
1334 4409 1364 4461 17
1377 4409 1401 4459 b.
