3394 5114
791 365 905 414 uacca
927 366 1020 414 aoox
1042 366 1066 413 a
1349 343 1515 432 [1574-75

217 1203 348 1264 tffla
816 1217 1061 1304 [mamm

360 1449 483 1514 Gratim
509 1449 577 1514 sive
603 1449 781 1535 peticiones
806 1470 963 1514 concessae
989 1449 1023 1513 in
1051 1449 1148 1535 plena
1173 1451 1421 1537 congregatione
1451 1449 1516 1512 Re-

447 1551 596 1637 gentium
631 1562 666 1618 et
702 1574 766 1617 non
805 1553 1005 1637 Regentium
1038 1576 1059 1617 a
1090 1553 1175 1618 sesto
1208 1555 1313 1619 sancti
1347 1552 1516 1618 Michaelis

448 1657 644 1744 Archangeli
670 1680 756 1723 auno
783 1657 908 1722 domiui
936 1656 1022 1722 1574
1048 1680 1149 1744 reque
1176 1659 1262 1725 idem
1289 1659 1408 1724 festum
1438 1669 1516 1722 tuno

448 1761 594 1846 proxime
624 1783 763 1848 sequens
822 1761 955 1826 Andrea
991 1761 1094 1826 Perne
1123 1785 1212 1828 sacre
1246 1762 1407 1848 theologie
1442 1783 1515 1848 pro·

447 1866 566 1930 sessore
592 1865 854 1931 vicecancellario
876 1865 1028 1932 Johanne
1053 1866 1180 1954 Cragge
1207 1876 1241 1933 et
1268 1867 1358 1933 Luca
1383 1867 1516 1953 Gylpyn

448 1973 713 2039 Procuratoribus

362 2193 395 2244 lt
408 2187 538 2244 Octobris
549 2187 681 2243 dominus
693 2188 935 2243 vicecancellarius
947 2188 1075 2243 doctores
1084 2187 1241 2259 Whitgyr‘te
1252 2186 1336 2242 [thell
1348 2191 1378 2242 et
1390 2185 1517 2242 Hatcher

431 2278 558 2347 magistri
570 2275 644 2348 Styll
655 2283 685 2332 et
697 2277 786 2332 Benet
798 2279 978 2348 assignantur
989 2282 1075 2350 caput
1087 2283 1203 2332 senatus
1215 2278 1303 2332 futuri
1315 2276 1383 2331 anni

361 2363 531 2420 Conceditur
546 2369 575 2418 2⁰
591 2365 698 2436 Aprilis
718 2369 787 2421 1574
803 2365 867 2434 (sio)
885 2365 964 2420 Edm.
984 2365 1069 2436 Elgar
1085 2383 1118 2420 err
1137 2365 1251 2436 collegio
1269 2364 1392 2436 corporis
1410 2363 1516 2418 Christi

433 2461 465 2509 vt
487 2459 520 2508 12
541 2456 654 2510 termini
673 2455 805 2526 completi
823 2456 853 2509 in
871 2455 975 2526 quibus
996 2455 1129 2510 lectiones
1147 2454 1302 2509 ordinarias
1321 2452 1431 2508 audivit
1451 2452 1518 2506 licet

434 2562 488 2600 non
501 2545 616 2599 omnino
627 2544 781 2598 secundum
797 2544 917 2599 formam
933 2545 1036 2600 statuti
1048 2562 1113 2598 cum
1126 2541 1351 2614 opposicionibus
1363 2541 1516 2612 responsio·

433 2632 517 2688 nibus
537 2637 567 2687 et
587 2633 650 2687 aliis
671 2633 811 2688 exercitiis
832 2651 883 2704 per
903 2639 1013 2688 statuta
1034 2633 1177 2704 requisitis
1200 2632 1341 2686 sufficiant
1365 2631 1391 2686 ei
1415 2631 1451 2686 ad
1475 2647 1516 2684 re-

432 2719 626 2791 spondendum
645 2719 785 2789 questioni

363 2807 468 2864 Eadem
480 2809 571 2880 gratia
586 2807 748 2862 conceditur
765 2813 799 2862 aa
816 2809 922 2878 Aprilis
938 2808 981 2863 10.
999 2807 1087 2862 Wood
1105 2808 1161 2863 Tri.
1199 2813 1227 2862 5⁰
1242 2807 1321 2862 Junii
1338 2806 1381 2861 10.
1400 2806 1517 2860 Colman

434 2895 527 2950 Pemb.
569 2900 614 2950 14ο
631 2896 710 2951 Junii
729 2896 772 2951 10.
794 2895 905 2950 Ballard
924 2896 1017 2967 Ragal.
1036 2901 1066 2950 at
1083 2895 1189 2950 «Iacobo
1209 2895 1293 2950 Holte
1313 2895 1403 2965 Magd.

361 2985 531 3040 Conceditur
551 2985 677 3039 e⁰J1mii
699 2984 817 3054 Georgio
838 2984 963 3055 Buckley
983 2983 1073 3054 Magd.
1094 2989 1125 3037 vt
1145 2982 1271 3038 studium
1293 2989 1464 3038 bannorum
1487 2982 1517 3036 in

431 3071 574 3126 academia
586 3072 736 3127 Osoniensi
754 3089 819 3127 cum
837 3071 1063 3144 opposicionibus
1075 3076 1120 3126 etc
1135 3073 1163 3125 in
1180 3071 1232 3126 hac
1244 3071 1386 3126 academia
1398 3069 1519 3142 peractis

432 3165 462 3214 et
480 3161 627 3231 completis
647 3161 769 3216 sufficiat
787 3161 813 3216 ei
833 3160 868 3215 ud
890 3161 1115 3232 respondendum
1136 3161 1277 3232 questioni
1314 3165 1343 3214 3⁰
1361 3159 1431 3214 Julii
1453 3175 1518 3213 oon-

433 3247 543 3303 ceditur
555 3248 572 3302 J
574 3266 597 3303 0.
612 3248 712 3302 Hilton
725 3248 768 3303 Jo.
783 3253 815 3302 vt
833 3252 865 3302 12
882 3248 996 3302 termini
1009 3249 1141 3318 complcti
1159 3249 1188 3302 in
1205 3247 1309 3318 quibus
1321 3251 1365 3301 eto
1377 3246 1518 3301 sufficiant

432 3338 458 3393 ei
470 3336 505 3392 ad
519 3335 745 3408 respondendum
757 3337 899 3406 questioni

362 3427 516 3498 Collegium
534 3426 673 3481 Johannis
691 3430 725 3482 27
761 3425 932 3480 Conceditur
949 3429 978 3479 4⁰
997 3425 1140 3480 Februarii
1163 3423 1286 3479 Roberto
1304 3423 1466 3480 81010010.
1486 3427 1519 3478 vt

434 3521 467 3571 12
482 3515 596 3570 termini
614 3514 745 3585 completi
761 3513 792 3568 in
808 3513 912 3585 quibus
930 3513 1064 3568 lectiones
1080 3513 1236 3568 ordinarias
1252 3513 1362 3567 audivit
1377 3513 1444 3567 lioet
1461 3531 1517 3568 non

432 3603 547 3657 omnino
570 3599 725 3655 secundum
750 3600 869 3655 formam
900 3601 1002 3655 statuti
1028 3618 1092 3655 cum
1116 3599 1341 3671 oppositionibus
1365 3601 1519 3670 responsio-

432 3689 517 3745 nibus
537 3693 568 3744 et
589 3687 653 3743 aliis
674 3687 814 3741 exercitiis
834 3705 885 3758 per
905 3692 1015 3743 statuta
1034 3689 1178 3759 requisitis
1202 3688 1344 3742 sufficiant
1367 3689 1392 3741 ei
1417 3687 1454 3742 ad
1478 3706 1518 3743 ra-

432 3777 626 3849 spondendum
646 3777 786 3847 questioni
812 3775 917 3830 Eadem
939 3776 1030 3846 gretia
1050 3776 1212 3830 conceditur
1232 3775 1329 3830 eodem
1350 3794 1382 3830 ex
1404 3777 1519 3848 collegio

433 3866 493 3922 diui
517 3865 656 3920 Johannis
679 3864 803 3919 Johanni
833 3864 930 3919 Bower
958 3863 1033 3919 Edu.
1063 3865 1162 3920 Welles
1188 3865 1327 3919 Willelmo
1352 3865 1517 3936 Wilkymson

436 3955 557 4010 Roberto
578 3953 732 4009 Grenrvood
753 3953 822 4008 Tho.
844 3953 949 4025 Balgay
969 3953 1039 4008 Han.
1063 3954 1168 4008 Cocles
1187 3955 1266 4009 (leur.
1289 3954 1373 4008 Belke
1395 3955 1517 4011 Samueli

434 4043 624 4116 Wyllingham
642 4042 709 4096 Tho.
724 4041 845 4097 Statl'ord
861 4043 937 4112 Step.
951 4041 1098 4096 Ridlesden
1119 4042 1269 4098 Valentino
1283 4042 1340 4097 Pell
1353 4043 1402 4097 11ο
1415 4043 1519 4116 Baylye

435 4131 552 4201 Georgio
573 4130 686 4202 Higgyn
710 4129 779 4184 Tho.
803 4131 952 4201 Atkynson
975 4130 1019 4185 Jo.
1046 4130 1195 4202 Robynson
1218 4131 1294 4186 Edu.
1315 4131 1420 4186 Faucet
1441 4133 1518 4204 Step.

435 4217 580 4289 Sheppard
593 4218 722 4272 Samsoni
736 4218 837 4290 Kynge
846 4217 966 4273 Ricardo
976 4217 1127 4290 Brodwaye
1156 4225 1186 4273 et
1198 4225 1227 4272 5⁰
1238 4219 1381 4274 Februarii
1393 4219 1520 4276 Gilberto

435 4306 552 4360 Watson
563 4305 660 4375 Georg.
673 4305 798 4360 Darlowe
807 4305 930 4360 Samueli
942 4305 1091 4376 Hodgesou
1123 4310 1139 4360 8
1150 4305 1294 4362 Februarii
1306 4307 1411 4378 Rogero
1421 4309 1520 4383 Hogge

434 4395 504 4452 Tho.
520 4394 590 4450 Carr
601 4394 644 4449 10.
659 4394 750 4451 Baker
761 4399 791 4450 et
805 4400 850 4450 11⁰
861 4394 1006 4452 Februarii
1020 4394 1115 4451 Marco
1127 4395 1233 4453 Collina
