3394 5114
197 346 360 432 1566-67]
636 362 751 411 oreon
772 361 865 410 soon
887 363 911 409 Δ

583 761 705 826 Doctor
726 759 761 825 in
783 760 855 826 iure
876 758 968 825 ciuili

197 949 367 1005 Conceditur
379 949 451 1021 xiiij⁰
461 950 480 1004 J
483 950 542 1004 unii
559 949 694 1020 magistro
710 947 779 1003 Tho.
795 946 929 1002 Ronland
946 950 978 1000 vt
993 945 1119 1002 studium
1137 951 1307 1001 bannorum
1323 944 1354 999 in

269 1038 329 1091 iure
346 1036 421 1090 civili
439 1041 592 1107 postquam
611 1035 714 1090 rexerit
732 1035 761 1089 in
779 1033 889 1089 artibus
910 1051 975 1088 cum
997 1033 1221 1104 oppositionibus
1240 1049 1352 1103 respon·

268 1125 394 1181 sionibus
406 1130 435 1180 et
447 1125 511 1180 aliis
522 1124 663 1179 exercitiis
674 1141 724 1195 per
735 1126 846 1178 statuta
855 1122 998 1194 requisitis
1010 1127 1077 1177 ante
1086 1123 1146 1177 eius
1155 1121 1355 1177 admissionem

268 1209 445 1281 perficiendis
456 1209 577 1264 sufficiat
589 1209 615 1263 ei
627 1207 664 1263 ad
676 1204 868 1278 incipiendum
880 1209 910 1263 in
922 1207 1020 1263 eodem
1033 1208 1092 1262 iure
1136 1208 1183 1262 lta
1199 1206 1276 1279 quod
1292 1207 1354 1262 eius

269 1299 402 1354 admissio
416 1303 474 1353 etet
488 1315 539 1369 pro
554 1297 701 1369 completis
717 1297 806 1367 gradu
820 1301 850 1352 et
866 1297 958 1352 forma
973 1297 1136 1352 doctoratus
1153 1297 1183 1351 in
1200 1295 1297 1351 eodem
1314 1295 1355 1350 sic

269 1392 364 1444 tamen
378 1392 410 1442 vt
421 1387 578 1443 satisfaciat
584 1387 726 1442 officiariis
735 1391 765 1442 et
777 1387 943 1442 convivetur
955 1387 985 1442 in
997 1386 1132 1459 proximis
1144 1385 1267 1441 comitiis

538 1736 777 1802 Baehelaurcus
800 1734 834 1801 in
857 1734 1022 1822 theologia

200 1925 371 1982 Conceffltur
391 1928 424 1980 14
444 1924 542 1980 Martii
559 1923 694 1996 magistro
710 1922 791 1979 Geor.
809 1921 928 1996 Bulleyn
945 1927 978 1978 vt
994 1923 1121 1979 studium
1137 1927 1154 1977 t
1171 1938 1310 1978 annorum
1326 1921 1357 1977 in

271 2013 411 2084 theologia
434 2017 586 2085 postquam
606 2012 709 2068 rexerit
730 2012 760 2067 in
779 2011 890 2067 artibus
910 2029 976 2067 cum
997 2011 1222 2084 oppositionibus
1243 2028 1356 2082 respon·

270 2099 397 2157 sionibus
416 2108 446 2157 et
465 2102 529 2157 aliis
548 2101 687 2156 exercitiis
706 2117 758 2172 per
774 2105 885 2156 statuta
900 2100 1046 2172 requisitis
1061 2099 1184 2155 sufficiat
1199 2099 1226 2155 ei
1242 2104 1303 2154 tam
1319 2098 1356 2154 ad

271 2185 469 2259 opponendum
480 2203 568 2256 quam
579 2184 616 2240 ad
628 2184 793 2241 intrandum
806 2186 837 2241 in
848 2203 928 2240 secra
939 2185 1080 2256 theologia

201 2273 371 2330 Conceditur
383 2277 415 2328 ³1
431 2273 500 2328 Maii
515 2274 650 2344 magistro
667 2273 775 2328 Thema
792 2272 978 2344 Cartewright
992 2276 1024 2327 vt
1040 2271 1168 2328 studium
1184 2275 1200 2329 7
1217 2255 1389 2327 annorumf·
1406 2253 1445 2312 9⁰
1459 2274 1478 2312 ²

272 2362 302 2417 in
314 2362 454 2436 theologie
465 2365 617 2432 postquam
630 2362 733 2416 rexerit
744 2362 774 2417 in
786 2360 897 2416 artibus
913 2378 979 2416 cum
994 2359 1220 2432 oppositionibus
1235 2366 1280 2414 etc
1296 2377 1356 2432 per·

273 2449 399 2506 liniendis
412 2451 484 2505 infra
495 2468 602 2505 annum
615 2468 665 2506 sue
673 2450 853 2505 admissionis
861 2450 916 2505 sub
925 2467 997 2521 pena
1006 2449 1039 2504 x¹¹
1048 2449 1177 2521 ponenda
1187 2450 1217 2504 in
1226 2449 1357 2506 manibus

273 2542 485 2610 procuratorum
498 2544 565 2593 ante
576 2539 636 2594 eius
648 2539 847 2594 admissionem
860 2539 982 2594 sufficiat
993 2539 1018 2593 ei
1031 2547 1091 2593 tam
1108 2538 1145 2594 ad
1160 2537 1358 2609 opponendum

272 2643 359 2698 quam
383 2624 419 2679 ad
443 2624 608 2680 intrandum
628 2625 658 2680 in
679 2642 759 2681 sacra
777 2625 918 2696 theologie
952 2624 1104 2680 Admissus
1123 2624 1220 2680 etrdem
1240 2625 1360 2696 (peregit

274 2714 370 2770 omnia
381 2715 481 2785 marg.)

202 2803 309 2861 Eadem
321 2803 413 2873 gratia
423 2801 586 2857 comeditur
598 2806 632 2858 23
644 2802 724 2858 Junii
737 2803 871 2874 magistro
885 2801 1033 2874 Redulpho
1045 2801 1167 2859 Coulton
1183 2819 1248 2858 oum
1263 2800 1358 2857 studio

272 2896 289 2946 t
301 2909 440 2947 annorum
451 2889 506 2946 sub
517 2890 615 2947 eadem
626 2909 700 2963 pena
735 2891 886 2948 Admissus
898 2891 996 2948 eodem
1009 2892 1127 2964 (peregit
1139 2890 1234 2947 omnia
1245 2890 1345 2964 marg.)

579 3239 737 3304 Doctores
759 3237 795 3303 in
818 3238 982 3324 theologia

204 3428 374 3486 Conceditur
396 3432 429 3484 lt
451 3428 620 3485 Novembris
641 3427 755 3484 domino
776 3427 885 3484 Adams
905 3429 1124 3503 Archiepiscopo
1146 3432 1304 3488 Armacana
1330 3438 1360 3489 et

274 3516 389 3588 primati
403 3515 539 3572 Hibernie
551 3519 583 3571 vt
593 3515 722 3570 studium
738 3534 773 3570 xx
788 3534 928 3572 annorum
945 3517 975 3572 in
992 3517 1132 3589 theologis
1148 3537 1214 3574 oum
1232 3539 1287 3576 vno
1303 3539 1359 3577 ser·

275 3622 357 3661 mone
369 3604 406 3659 ed
418 3604 523 3659 clerum
536 3603 703 3675 perficiendo
715 3603 789 3658 inire
800 3621 907 3660 annum
919 3623 972 3661 sue
978 3605 1157 3662 admissionis
1166 3607 1221 3663 sub
1230 3627 1301 3680 pens
1313 3611 1358 3665 xli

275 3691 404 3764 ponenda
416 3692 444 3748 in
457 3691 589 3747 menibus
601 3696 813 3763 procuratorum
826 3697 892 3747 ants
904 3693 966 3748 eius
977 3693 1178 3750 admissionem
1195 3697 1316 3752 sufficiat
1332 3699 1358 3752 ei

276 3777 312 3833 ed
324 3776 515 3848 incipiendum
528 3777 558 3832 in
570 3795 651 3832 sacra
662 3776 803 3848 theologia
816 3779 857 3832 sic
873 3785 906 3833 vt
921 3779 981 3834 eius
994 3779 1128 3835 admissio
1144 3787 1202 3838 stet
1217 3801 1268 3855 pro
1284 3801 1358 3838 com-

276 3866 360 3938 pletis
375 3865 463 3937 gradu
480 3871 510 3921 et
527 3866 618 3922 forma
629 3866 792 3922 doctoratus
804 3866 845 3921 ita
856 3873 953 3922 tamen
965 3871 998 3923 vt
1009 3869 1174 3925 convivetur
1184 3875 1215 3925 et
1225 3869 1358 3926 admitta-

277 3955 325 4009 tur
344 3953 381 4009 ed
402 3952 539 4025 placitum
559 3955 619 4010 sive
640 3955 670 4008 in
691 3954 813 4009 termino
833 3955 892 4009 sive
912 3960 993 4010 extra
1010 3957 1164 4012 terminum
1209 3957 1359 4014 Admissus

278 4044 312 4096 25
331 4038 501 4096 Novembris
517 4045 548 4097 et
564 4045 744 4112 presentatus
765 4057 815 4112 per
831 4040 974 4097 doctorem
993 4041 1105 4098 Hutton
1126 4045 1245 4116 (peregit
1265 4045 1360 4102 omnia

278 4148 328 4202 per
340 4131 508 4201 magistrum
521 4130 709 4201 Cartewright
720 4131 819 4202 marg.)

207 4205 378 4275 Conceditur
389 4217 436 4289 ijs>
448 4217 517 4273 Maii
533 4218 668 4290 magistro
682 4219 800 4273 Ricardo
813 4219 996 4289 Longeworth
1010 4224 1041 4273 vt
1053 4219 1180 4276 studium
1193 4226 1210 4275 t
1222 4239 1360 4279 annorum

278 4307 309 4362 in
324 4304 463 4376 theologia
478 4309 544 4377 poet
559 4306 678 4376 gradum
692 4304 871 4361 bachalaurei
885 4307 915 4360 in
932 4305 1029 4362 eadem
1046 4309 1181 4363 (multato
1197 4316 1361 4382 susceptum

278 4412 343 4450 cum
357 4387 582 4467 oppositionibus
595 4394 823 4465 responsionibus
837 4394 1015 4450 sermonibus
1029 4400 1060 4452 et
1076 4396 1140 4452 aliis
1156 4398 1296 4454 exercitiis
1312 4417 1363 4472 per
