<?xml version="1.0" encoding="UTF-8"?>
<!DOCTYPE html PUBLIC "-//W3C//DTD XHTML 1.0 Transitional//EN"
    "http://www.w3.org/TR/xhtml1/DTD/xhtml1-transitional.dtd">
<html xmlns="http://www.w3.org/1999/xhtml" xml:lang="en" lang="en">
 <head>
  <title>
</title>
<meta http-equiv="Content-Type" content="text/html;charset=utf-8" />
  <meta name='ocr-system' content='tesseract 3.04.00' />
  <meta name='ocr-capabilities' content='ocr_page ocr_carea ocr_par ocr_line ocrx_word'/>
</head>
<body>
  <div class='ocr_page' id='page_1' title='image "./gracebookgreekl00venngoog_0469.png"; bbox 0 0 3398 5122; ppageno 0'>
   <div class='ocr_carea' id='block_1_1' title="bbox 791 281 1515 366">
    <p class='ocr_par' dir='ltr' id='par_1_1' title="bbox 791 281 1515 366">
     <span class='ocr_line' id='line_1_1' title="bbox 791 281 1515 366; baseline -0.003 -18"><span class='ocrx_word' id='word_1_1' title='bbox 791 299 904 348; x_wconf 75' lang='lat' dir='ltr'>cusos</span> <span class='ocrx_word' id='word_1_2' title='bbox 926 299 1020 346; x_wconf 80' lang='lat' dir='ltr'>soon</span> <span class='ocrx_word' id='word_1_3' title='bbox 1043 296 1066 344; x_wconf 82' lang='grc' dir='ltr'><strong>Δ</strong></span> <span class='ocrx_word' id='word_1_4' title='bbox 1348 281 1515 366; x_wconf 84' lang='grc'>[1588-89</span> 
     </span>
    </p>
   </div>
   <div class='ocr_carea' id='block_1_2' title="bbox 220 723 1188 810">
    <p class='ocr_par' dir='ltr' id='par_1_2' title="bbox 220 723 1188 810">
     <span class='ocr_line' id='line_1_2' title="bbox 220 723 1188 810; baseline -0.008 -15"><span class='ocrx_word' id='word_1_5' title='bbox 220 737 240 795; x_wconf 87' lang='lat' dir='ltr'>f.</span> <span class='ocrx_word' id='word_1_6' title='bbox 258 737 346 795; x_wconf 75' lang='lat' dir='ltr'>leta</span> <span class='ocrx_word' id='word_1_7' title='bbox 687 725 919 792; x_wconf 82' lang='lat' dir='ltr'>Bacchalaurei</span> <span class='ocrx_word' id='word_1_8' title='bbox 944 725 979 788; x_wconf 93' lang='lat' dir='ltr'>in</span> <span class='ocrx_word' id='word_1_9' title='bbox 1000 724 1077 810; x_wconf 89' lang='lat' dir='ltr'>jure</span> <span class='ocrx_word' id='word_1_10' title='bbox 1098 723 1188 789; x_wconf 86' lang='lat' dir='ltr'>civili</span> 
     </span>
    </p>
   </div>
   <div class='ocr_carea' id='block_1_3' title="bbox 357 911 1517 1337">
    <p class='ocr_par' dir='ltr' id='par_1_3' title="bbox 357 911 1517 1337">
     <span class='ocr_line' id='line_1_3' title="bbox 357 911 1517 975; baseline -0.006 0"><span class='ocrx_word' id='word_1_11' title='bbox 357 919 527 975; x_wconf 72' lang='lat' dir='ltr'>Conceditur</span> <span class='ocrx_word' id='word_1_12' title='bbox 552 919 584 974; x_wconf 83' lang='lat'>17</span> <span class='ocrx_word' id='word_1_13' title='bbox 607 915 676 972; x_wconf 83' lang='lat' dir='ltr'>Maii</span> <span class='ocrx_word' id='word_1_14' title='bbox 700 915 743 970; x_wconf 86' lang='lat' dir='ltr'>Jo.</span> <span class='ocrx_word' id='word_1_15' title='bbox 766 913 931 970; x_wconf 84' lang='lat' dir='ltr'>Blomefeild</span> <span class='ocrx_word' id='word_1_16' title='bbox 955 917 988 968; x_wconf 83' lang='lat' dir='ltr'>vt</span> <span class='ocrx_word' id='word_1_17' title='bbox 1011 912 1140 967; x_wconf 89' lang='lat' dir='ltr'>studium</span> <span class='ocrx_word' id='word_1_18' title='bbox 1164 929 1212 967; x_wconf 84' lang='lat' dir='ltr'>sex</span> <span class='ocrx_word' id='word_1_19' title='bbox 1236 929 1375 967; x_wconf 76' lang='lat' dir='ltr'>annorum</span> <span class='ocrx_word' id='word_1_20' title='bbox 1399 912 1429 966; x_wconf 90' lang='lat' dir='ltr'>in</span> <span class='ocrx_word' id='word_1_21' title='bbox 1453 911 1517 968; x_wconf 92' lang='lat' dir='ltr'>iure</span> 
     </span>
     <span class='ocr_line' id='line_1_4' title="bbox 428 999 1517 1075; baseline -0.006 -13"><span class='ocrx_word' id='word_1_22' title='bbox 428 1007 503 1062; x_wconf 84' lang='lat' dir='ltr'>civili</span> <span class='ocrx_word' id='word_1_23' title='bbox 527 1023 583 1060; x_wconf 86' lang='lat' dir='ltr'>vna</span> <span class='ocrx_word' id='word_1_24' title='bbox 607 1021 671 1059; x_wconf 89' lang='lat' dir='ltr'>cum</span> <span class='ocrx_word' id='word_1_25' title='bbox 696 1001 921 1075; x_wconf 90' lang='lat' dir='ltr'>oppositionibus</span> <span class='ocrx_word' id='word_1_26' title='bbox 944 999 1173 1073; x_wconf 74' lang='lat' dir='ltr'>responsionibus</span> <span class='ocrx_word' id='word_1_27' title='bbox 1197 1001 1352 1071; x_wconf 87' lang='lat' dir='ltr'>ceterisque</span> <span class='ocrx_word' id='word_1_28' title='bbox 1375 999 1517 1056; x_wconf 86' lang='lat' dir='ltr'>exercitiis</span> 
     </span>
     <span class='ocr_line' id='line_1_5' title="bbox 428 1089 1516 1166; baseline -0.005 -18"><span class='ocrx_word' id='word_1_29' title='bbox 428 1113 478 1166; x_wconf 89' lang='lat' dir='ltr'>per</span> <span class='ocrx_word' id='word_1_30' title='bbox 496 1097 606 1150; x_wconf 89' lang='lat' dir='ltr'>statuta</span> <span class='ocrx_word' id='word_1_31' title='bbox 624 1092 700 1164; x_wconf 87' lang='lat' dir='ltr'>regia</span> <span class='ocrx_word' id='word_1_32' title='bbox 717 1092 863 1163; x_wconf 71' lang='lat' dir='ltr'>requisitis</span> <span class='ocrx_word' id='word_1_33' title='bbox 879 1091 1000 1146; x_wconf 85' lang='lat' dir='ltr'>sufficiat</span> <span class='ocrx_word' id='word_1_34' title='bbox 1016 1091 1042 1145; x_wconf 90' lang='lat' dir='ltr'>ei</span> <span class='ocrx_word' id='word_1_35' title='bbox 1059 1090 1094 1144; x_wconf 87' lang='lat' dir='ltr'>ad</span> <span class='ocrx_word' id='word_1_36' title='bbox 1112 1089 1275 1144; x_wconf 85' lang='lat' dir='ltr'>intrandum</span> <span class='ocrx_word' id='word_1_37' title='bbox 1293 1089 1322 1144; x_wconf 92' lang='lat' dir='ltr'>in</span> <span class='ocrx_word' id='word_1_38' title='bbox 1339 1089 1436 1144; x_wconf 89' lang='lat' dir='ltr'>eodem</span> <span class='ocrx_word' id='word_1_39' title='bbox 1453 1090 1516 1144; x_wconf 91' lang='lat' dir='ltr'>iure</span> 
     </span>
     <span class='ocr_line' id='line_1_6' title="bbox 428 1176 1517 1253; baseline -0.006 -15"><span class='ocrx_word' id='word_1_40' title='bbox 428 1184 470 1238; x_wconf 81' lang='lat' dir='ltr'>its</span> <span class='ocrx_word' id='word_1_41' title='bbox 485 1189 517 1237; x_wconf 87' lang='lat' dir='ltr'>vt</span> <span class='ocrx_word' id='word_1_42' title='bbox 534 1181 701 1253; x_wconf 71' lang='lat' dir='ltr'><strong>respondeat</strong></span> <span class='ocrx_word' id='word_1_43' title='bbox 718 1180 749 1236; x_wconf 91' lang='lat' dir='ltr'>in</span> <span class='ocrx_word' id='word_1_44' title='bbox 767 1179 867 1235; x_wconf 75' lang='lat' dir='ltr'>habitu</span> <span class='ocrx_word' id='word_1_45' title='bbox 885 1178 1073 1234; x_wconf 83' lang='lat' dir='ltr'>baccheleurii</span> <span class='ocrx_word' id='word_1_46' title='bbox 1117 1178 1223 1234; x_wconf 84' lang='lat' dir='ltr'>Eadem</span> <span class='ocrx_word' id='word_1_47' title='bbox 1242 1178 1334 1250; x_wconf 84' lang='lat' dir='ltr'>gratia</span> <span class='ocrx_word' id='word_1_48' title='bbox 1352 1176 1517 1232; x_wconf 70' lang='lat' dir='ltr'>comeditur</span> 
     </span>
     <span class='ocr_line' id='line_1_7' title="bbox 428 1265 1027 1337; baseline -0.005 -14"><span class='ocrx_word' id='word_1_49' title='bbox 428 1267 562 1323; x_wconf 78' lang='lat' dir='ltr'>Christos.</span> <span class='ocrx_word' id='word_1_50' title='bbox 581 1267 701 1323; x_wconf 86' lang='lat' dir='ltr'>Warner</span> <span class='ocrx_word' id='word_1_51' title='bbox 718 1271 747 1320; x_wconf 89' lang='lat' dir='ltr'>et</span> <span class='ocrx_word' id='word_1_52' title='bbox 765 1265 898 1321; x_wconf 77' lang='lat' dir='ltr'>Christos.</span> <span class='ocrx_word' id='word_1_53' title='bbox 916 1265 1027 1337; x_wconf 83' lang='lat' dir='ltr'>Wyvell</span> 
     </span>
    </p>
   </div>
   <div class='ocr_carea' id='block_1_4' title="bbox 724 1683 1145 1770">
    <p class='ocr_par' dir='ltr' id='par_1_4' title="bbox 724 1683 1145 1770">
     <span class='ocr_line' id='line_1_8' title="bbox 724 1683 1145 1770; baseline -0.007 -21"><span class='ocrx_word' id='word_1_54' title='bbox 724 1684 881 1750; x_wconf 79' lang='lat' dir='ltr'>Doctores</span> <span class='ocrx_word' id='word_1_55' title='bbox 903 1685 937 1748; x_wconf 91' lang='lat' dir='ltr'>in</span> <span class='ocrx_word' id='word_1_56' title='bbox 960 1683 1035 1770; x_wconf 89' lang='lat' dir='ltr'>jure</span> <span class='ocrx_word' id='word_1_57' title='bbox 1057 1683 1145 1748; x_wconf 86' lang='lat' dir='ltr'>civili</span> 
     </span>
    </p>
   </div>
   <div class='ocr_carea' id='block_1_5' title="bbox 356 1870 1516 2820">
    <p class='ocr_par' dir='ltr' id='par_1_5' title="bbox 358 1870 1515 2453">
     <span class='ocr_line' id='line_1_9' title="bbox 358 1870 1515 1944; baseline -0.005 -15"><span class='ocrx_word' id='word_1_58' title='bbox 358 1873 529 1929; x_wconf 87' lang='lat' dir='ltr'>Conceditur</span> <span class='ocrx_word' id='word_1_59' title='bbox 540 1873 591 1944; x_wconf 62' lang='lat' dir='ltr'>vj²⁰</span> <span class='ocrx_word' id='word_1_60' title='bbox 604 1872 768 1928; x_wconf 81' lang='lat' dir='ltr'>Decembris</span> <span class='ocrx_word' id='word_1_61' title='bbox 781 1872 917 1943; x_wconf 84' lang='lat' dir='ltr'>Magistro</span> <span class='ocrx_word' id='word_1_62' title='bbox 930 1871 1039 1926; x_wconf 88' lang='lat' dir='ltr'>Thema</span> <span class='ocrx_word' id='word_1_63' title='bbox 1050 1871 1152 1926; x_wconf 85' lang='lat' dir='ltr'>Telbot</span> <span class='ocrx_word' id='word_1_64' title='bbox 1163 1875 1196 1925; x_wconf 83' lang='lat' dir='ltr'>vt</span> <span class='ocrx_word' id='word_1_65' title='bbox 1207 1870 1333 1926; x_wconf 89' lang='lat' dir='ltr'>studium</span> <span class='ocrx_word' id='word_1_66' title='bbox 1346 1874 1362 1924; x_wconf 78' lang='lat'><strong>5</strong></span> <span class='ocrx_word' id='word_1_67' title='bbox 1375 1885 1515 1924; x_wconf 87' lang='lat' dir='ltr'>annorum</span> 
     </span>
     <span class='ocr_line' id='line_1_10' title="bbox 429 1958 1515 2033; baseline -0.003 -18"><span class='ocrx_word' id='word_1_68' title='bbox 429 1963 459 2016; x_wconf 94' lang='lat' dir='ltr'>in</span> <span class='ocrx_word' id='word_1_69' title='bbox 472 1961 536 2033; x_wconf 87' lang='lat' dir='ltr'>jure</span> <span class='ocrx_word' id='word_1_70' title='bbox 549 1961 624 2015; x_wconf 89' lang='lat' dir='ltr'>civili</span> <span class='ocrx_word' id='word_1_71' title='bbox 636 1964 701 2032; x_wconf 89' lang='lat' dir='ltr'>post</span> <span class='ocrx_word' id='word_1_72' title='bbox 713 1960 831 2031; x_wconf 83' lang='lat' dir='ltr'>gradum</span> <span class='ocrx_word' id='word_1_73' title='bbox 844 1959 1093 2015; x_wconf 85' lang='lat' dir='ltr'>bacchalaurestus</span> <span class='ocrx_word' id='word_1_74' title='bbox 1105 1959 1135 2013; x_wconf 91' lang='lat' dir='ltr'>in</span> <span class='ocrx_word' id='word_1_75' title='bbox 1147 1958 1243 2014; x_wconf 80' lang='lat' dir='ltr'>eedem</span> <span class='ocrx_word' id='word_1_76' title='bbox 1257 1959 1392 2014; x_wconf 78' lang='lat' dir='ltr'>facultate</span> <span class='ocrx_word' id='word_1_77' title='bbox 1403 1974 1515 2028; x_wconf 80' lang='lat' dir='ltr'>suscep</span> 
     </span>
     <span class='ocr_line' id='line_1_11' title="bbox 427 2046 1514 2120; baseline -0.003 -15"><span class='ocrx_word' id='word_1_78' title='bbox 427 2055 490 2105; x_wconf 91' lang='lat' dir='ltr'>turn</span> <span class='ocrx_word' id='word_1_79' title='bbox 507 2068 572 2105; x_wconf 89' lang='lat' dir='ltr'>oum</span> <span class='ocrx_word' id='word_1_80' title='bbox 588 2049 699 2105; x_wconf 89' lang='lat' dir='ltr'>duabus</span> <span class='ocrx_word' id='word_1_81' title='bbox 715 2053 829 2105; x_wconf 83' lang='lat' dir='ltr'>tantum</span> <span class='ocrx_word' id='word_1_82' title='bbox 847 2049 1076 2120; x_wconf 81' lang='lat' dir='ltr'>responsionibus</span> <span class='ocrx_word' id='word_1_83' title='bbox 1092 2048 1212 2103; x_wconf 84' lang='lat' dir='ltr'>sufficiet</span> <span class='ocrx_word' id='word_1_84' title='bbox 1228 2048 1253 2102; x_wconf 88' lang='lat' dir='ltr'>ei</span> <span class='ocrx_word' id='word_1_85' title='bbox 1270 2047 1306 2103; x_wconf 84' lang='lat' dir='ltr'>cd</span> <span class='ocrx_word' id='word_1_86' title='bbox 1322 2046 1514 2118; x_wconf 90' lang='lat' dir='ltr'>incipiendum</span> 
     </span>
     <span class='ocr_line' id='line_1_12' title="bbox 427 2134 1514 2207; baseline -0.004 -15"><span class='ocrx_word' id='word_1_87' title='bbox 427 2138 457 2192; x_wconf 93' lang='lat' dir='ltr'>in</span> <span class='ocrx_word' id='word_1_88' title='bbox 475 2136 571 2192; x_wconf 90' lang='lat' dir='ltr'>eodem</span> <span class='ocrx_word' id='word_1_89' title='bbox 589 2137 650 2191; x_wconf 91' lang='lat' dir='ltr'>iure</span> <span class='ocrx_word' id='word_1_90' title='bbox 690 2136 860 2192; x_wconf 76' lang='lat' dir='ltr'>Conceditur</span> <span class='ocrx_word' id='word_1_91' title='bbox 878 2141 911 2190; x_wconf 81' lang='grc'>15</span> <span class='ocrx_word' id='word_1_92' title='bbox 930 2136 1027 2191; x_wconf 87' lang='lat' dir='ltr'>Martii</span> <span class='ocrx_word' id='word_1_93' title='bbox 1047 2135 1182 2207; x_wconf 75' lang='lat' dir='ltr'>magistro</span> <span class='ocrx_word' id='word_1_94' title='bbox 1198 2134 1338 2190; x_wconf 89' lang='lat' dir='ltr'>Willelmo</span> <span class='ocrx_word' id='word_1_95' title='bbox 1354 2134 1514 2189; x_wconf 89' lang='lat' dir='ltr'>Wilkinson</span> 
     </span>
     <span class='ocr_line' id='line_1_13' title="bbox 428 2220 1515 2294; baseline -0.003 -15"><span class='ocrx_word' id='word_1_96' title='bbox 428 2229 459 2279; x_wconf 83' lang='lat' dir='ltr'>vt</span> <span class='ocrx_word' id='word_1_97' title='bbox 482 2223 609 2279; x_wconf 88' lang='lat' dir='ltr'>studium</span> <span class='ocrx_word' id='word_1_98' title='bbox 631 2225 647 2280; x_wconf 88' lang='grc'><strong>7</strong></span> <span class='ocrx_word' id='word_1_99' title='bbox 666 2241 803 2278; x_wconf 77' lang='lat' dir='ltr'>annorum</span> <span class='ocrx_word' id='word_1_100' title='bbox 825 2223 854 2277; x_wconf 94' lang='lat' dir='ltr'>in</span> <span class='ocrx_word' id='word_1_101' title='bbox 875 2223 935 2278; x_wconf 91' lang='lat' dir='ltr'>iure</span> <span class='ocrx_word' id='word_1_102' title='bbox 957 2223 1033 2278; x_wconf 90' lang='lat' dir='ltr'>civili</span> <span class='ocrx_word' id='word_1_103' title='bbox 1052 2227 1205 2294; x_wconf 83' lang='lat' dir='ltr'>postquem</span> <span class='ocrx_word' id='word_1_104' title='bbox 1229 2224 1331 2278; x_wconf 86' lang='lat' dir='ltr'>rexerit</span> <span class='ocrx_word' id='word_1_105' title='bbox 1349 2223 1379 2277; x_wconf 92' lang='lat' dir='ltr'>in</span> <span class='ocrx_word' id='word_1_106' title='bbox 1404 2220 1515 2277; x_wconf 84' lang='lat' dir='ltr'>artibus</span> 
     </span>
     <span class='ocr_line' id='line_1_14' title="bbox 427 2310 1514 2383; baseline 0 -17"><span class='ocrx_word' id='word_1_107' title='bbox 427 2329 492 2366; x_wconf 90' lang='lat' dir='ltr'>cum</span> <span class='ocrx_word' id='word_1_108' title='bbox 510 2311 621 2367; x_wconf 88' lang='lat' dir='ltr'>duabus</span> <span class='ocrx_word' id='word_1_109' title='bbox 639 2310 867 2382; x_wconf 83' lang='lat' dir='ltr'>responsionibus</span> <span class='ocrx_word' id='word_1_110' title='bbox 890 2312 1011 2366; x_wconf 82' lang='lat' dir='ltr'>sufficiet</span> <span class='ocrx_word' id='word_1_111' title='bbox 1035 2312 1061 2366; x_wconf 92' lang='lat' dir='ltr'>ei</span> <span class='ocrx_word' id='word_1_112' title='bbox 1084 2311 1120 2367; x_wconf 89' lang='lat' dir='ltr'>ad</span> <span class='ocrx_word' id='word_1_113' title='bbox 1145 2311 1337 2383; x_wconf 91' lang='lat' dir='ltr'>incipiendum</span> <span class='ocrx_word' id='word_1_114' title='bbox 1361 2311 1391 2365; x_wconf 91' lang='lat' dir='ltr'>in</span> <span class='ocrx_word' id='word_1_115' title='bbox 1415 2311 1514 2366; x_wconf 86' lang='lat' dir='ltr'>eodem</span> 
     </span>
     <span class='ocr_line' id='line_1_15' title="bbox 426 2415 487 2453; baseline 0 0"><span class='ocrx_word' id='word_1_116' title='bbox 426 2415 487 2453; x_wconf 84' lang='lat' dir='ltr'>rure</span> 
     </span>
    </p>

    <p class='ocr_par' dir='ltr' id='par_1_6' title="bbox 356 2483 1516 2820">
     <span class='ocr_line' id='line_1_16' title="bbox 356 2483 1516 2558; baseline -0.001 -17"><span class='ocrx_word' id='word_1_117' title='bbox 356 2485 526 2542; x_wconf 81' lang='lat' dir='ltr'>Conceditur</span> <span class='ocrx_word' id='word_1_118' title='bbox 544 2483 651 2558; x_wconf 80' lang='lat' dir='ltr'>[blank]</span> <span class='ocrx_word' id='word_1_119' title='bbox 671 2484 805 2556; x_wconf 88' lang='lat' dir='ltr'>magistro</span> <span class='ocrx_word' id='word_1_120' title='bbox 824 2485 947 2539; x_wconf 90' lang='lat' dir='ltr'>Henrico</span> <span class='ocrx_word' id='word_1_121' title='bbox 966 2485 1078 2541; x_wconf 86' lang='lat' dir='ltr'>Moston</span> <span class='ocrx_word' id='word_1_122' title='bbox 1098 2489 1129 2540; x_wconf 86' lang='lat' dir='ltr'>vt</span> <span class='ocrx_word' id='word_1_123' title='bbox 1147 2485 1274 2542; x_wconf 89' lang='lat' dir='ltr'>studium</span> <span class='ocrx_word' id='word_1_124' title='bbox 1293 2490 1308 2542; x_wconf 85' lang='grc'><strong>7</strong></span> <span class='ocrx_word' id='word_1_125' title='bbox 1327 2503 1465 2541; x_wconf 87' lang='lat' dir='ltr'>annorum</span> <span class='ocrx_word' id='word_1_126' title='bbox 1483 2487 1516 2540; x_wconf 90' lang='lat' dir='ltr'>in</span> 
     </span>
     <span class='ocr_line' id='line_1_17' title="bbox 426 2572 1515 2644; baseline 0.002 -17"><span class='ocrx_word' id='word_1_127' title='bbox 426 2573 487 2628; x_wconf 91' lang='lat' dir='ltr'>iure</span> <span class='ocrx_word' id='word_1_128' title='bbox 510 2573 587 2628; x_wconf 89' lang='lat' dir='ltr'>civili</span> <span class='ocrx_word' id='word_1_129' title='bbox 613 2577 765 2644; x_wconf 88' lang='lat' dir='ltr'>postquam</span> <span class='ocrx_word' id='word_1_130' title='bbox 790 2574 894 2628; x_wconf 86' lang='lat' dir='ltr'>rexerit</span> <span class='ocrx_word' id='word_1_131' title='bbox 919 2572 950 2626; x_wconf 93' lang='lat' dir='ltr'>in</span> <span class='ocrx_word' id='word_1_132' title='bbox 974 2572 1083 2628; x_wconf 87' lang='lat' dir='ltr'>artibus</span> <span class='ocrx_word' id='word_1_133' title='bbox 1107 2590 1163 2628; x_wconf 80' lang='lat' dir='ltr'>vna</span> <span class='ocrx_word' id='word_1_134' title='bbox 1186 2591 1250 2628; x_wconf 83' lang='lat' dir='ltr'>curn</span> <span class='ocrx_word' id='word_1_135' title='bbox 1275 2572 1405 2628; x_wconf 89' lang='lat' dir='ltr'>omnibus</span> <span class='ocrx_word' id='word_1_136' title='bbox 1428 2591 1515 2644; x_wconf 90' lang='lat' dir='ltr'>oppo-</span> 
     </span>
     <span class='ocr_line' id='line_1_18' title="bbox 427 2658 1516 2732; baseline 0.002 -18"><span class='ocrx_word' id='word_1_137' title='bbox 427 2659 577 2715; x_wconf 90' lang='lat' dir='ltr'>sitionibus</span> <span class='ocrx_word' id='word_1_138' title='bbox 606 2658 836 2731; x_wconf 84' lang='lat' dir='ltr'>responsionibus</span> <span class='ocrx_word' id='word_1_139' title='bbox 862 2659 1034 2731; x_wconf 84' lang='lat' dir='ltr'>reliquisque</span> <span class='ocrx_word' id='word_1_140' title='bbox 1060 2661 1200 2716; x_wconf 85' lang='lat' dir='ltr'>exercitiis</span> <span class='ocrx_word' id='word_1_141' title='bbox 1226 2678 1277 2732; x_wconf 86' lang='lat' dir='ltr'>per</span> <span class='ocrx_word' id='word_1_142' title='bbox 1302 2664 1412 2716; x_wconf 85' lang='lat' dir='ltr'>statute</span> <span class='ocrx_word' id='word_1_143' title='bbox 1438 2661 1516 2732; x_wconf 81' lang='lat' dir='ltr'>regis</span> 
     </span>
     <span class='ocr_line' id='line_1_19' title="bbox 426 2747 1258 2820; baseline 0 -16"><span class='ocrx_word' id='word_1_144' title='bbox 426 2748 570 2820; x_wconf 84' lang='lat' dir='ltr'>requisitis</span> <span class='ocrx_word' id='word_1_145' title='bbox 588 2749 709 2803; x_wconf 86' lang='lat' dir='ltr'>sufficiat</span> <span class='ocrx_word' id='word_1_146' title='bbox 726 2748 752 2804; x_wconf 94' lang='lat' dir='ltr'>ei</span> <span class='ocrx_word' id='word_1_147' title='bbox 771 2747 807 2802; x_wconf 90' lang='lat' dir='ltr'>ad</span> <span class='ocrx_word' id='word_1_148' title='bbox 825 2747 1016 2820; x_wconf 88' lang='lat' dir='ltr'>incipiendum</span> <span class='ocrx_word' id='word_1_149' title='bbox 1034 2748 1064 2803; x_wconf 91' lang='lat' dir='ltr'>in</span> <span class='ocrx_word' id='word_1_150' title='bbox 1082 2747 1179 2803; x_wconf 88' lang='lat' dir='ltr'>eodem</span> <span class='ocrx_word' id='word_1_151' title='bbox 1197 2749 1258 2804; x_wconf 91' lang='lat' dir='ltr'>iure</span> 
     </span>
    </p>
   </div>
   <div class='ocr_carea' id='block_1_6' title="bbox 696 3161 1173 3248">
    <p class='ocr_par' dir='ltr' id='par_1_7' title="bbox 696 3161 1173 3248">
     <span class='ocr_line' id='line_1_20' title="bbox 696 3161 1173 3248; baseline 0.004 -23"><span class='ocrx_word' id='word_1_152' title='bbox 696 3161 930 3226; x_wconf 81' lang='lat' dir='ltr'>Baccheleurei</span> <span class='ocrx_word' id='word_1_153' title='bbox 953 3163 988 3226; x_wconf 88' lang='lat' dir='ltr'>in</span> <span class='ocrx_word' id='word_1_154' title='bbox 1012 3162 1173 3248; x_wconf 85' lang='lat' dir='ltr'>theologis</span> 
     </span>
    </p>
   </div>
   <div class='ocr_carea' id='block_1_7' title="bbox 302 3346 1515 4215">
    <p class='ocr_par' dir='ltr' id='par_1_8' title="bbox 356 3346 1515 4041">
     <span class='ocr_line' id='line_1_21' title="bbox 356 3346 1514 3422; baseline 0.005 -20"><span class='ocrx_word' id='word_1_155' title='bbox 356 3346 526 3402; x_wconf 84' lang='lat' dir='ltr'>Conceditur</span> <span class='ocrx_word' id='word_1_156' title='bbox 545 3350 579 3402; x_wconf 78' lang='lat'>26</span> <span class='ocrx_word' id='word_1_157' title='bbox 598 3347 729 3403; x_wconf 89' lang='lat' dir='ltr'>Octobris</span> <span class='ocrx_word' id='word_1_158' title='bbox 748 3349 883 3420; x_wconf 87' lang='lat' dir='ltr'>magistro</span> <span class='ocrx_word' id='word_1_159' title='bbox 904 3349 1029 3406; x_wconf 86' lang='lat' dir='ltr'>Samueli</span> <span class='ocrx_word' id='word_1_160' title='bbox 1051 3351 1166 3406; x_wconf 90' lang='lat' dir='ltr'>Proctor</span> <span class='ocrx_word' id='word_1_161' title='bbox 1186 3350 1315 3422; x_wconf 86' lang='lat' dir='ltr'>(Christi)</span> <span class='ocrx_word' id='word_1_162' title='bbox 1334 3359 1365 3407; x_wconf 85' lang='lat' dir='ltr'>vt</span> <span class='ocrx_word' id='word_1_163' title='bbox 1384 3351 1514 3408; x_wconf 90' lang='lat' dir='ltr'>studium</span> 
     </span>
     <span class='ocr_line' id='line_1_22' title="bbox 428 3435 1514 3511; baseline 0.005 -21"><span class='ocrx_word' id='word_1_164' title='bbox 428 3437 603 3490; x_wconf 75' lang='lat' dir='ltr'>&#39;iennorum</span> <span class='ocrx_word' id='word_1_165' title='bbox 628 3435 657 3489; x_wconf 93' lang='lat' dir='ltr'>in</span> <span class='ocrx_word' id='word_1_166' title='bbox 683 3435 823 3506; x_wconf 87' lang='lat' dir='ltr'>theologia</span> <span class='ocrx_word' id='word_1_167' title='bbox 847 3441 998 3508; x_wconf 85' lang='lat' dir='ltr'>postquem</span> <span class='ocrx_word' id='word_1_168' title='bbox 1023 3439 1126 3493; x_wconf 84' lang='lat' dir='ltr'>rexerit</span> <span class='ocrx_word' id='word_1_169' title='bbox 1151 3439 1180 3493; x_wconf 94' lang='lat' dir='ltr'>in</span> <span class='ocrx_word' id='word_1_170' title='bbox 1205 3439 1314 3494; x_wconf 90' lang='lat' dir='ltr'>artibus</span> <span class='ocrx_word' id='word_1_171' title='bbox 1338 3456 1403 3494; x_wconf 89' lang='lat' dir='ltr'>cum</span> <span class='ocrx_word' id='word_1_172' title='bbox 1427 3457 1514 3511; x_wconf 92' lang='lat' dir='ltr'>oppo-</span> 
     </span>
     <span class='ocr_line' id='line_1_23' title="bbox 425 3522 1515 3599; baseline 0.006 -22"><span class='ocrx_word' id='word_1_173' title='bbox 425 3522 577 3578; x_wconf 88' lang='lat' dir='ltr'>sitionibus</span> <span class='ocrx_word' id='word_1_174' title='bbox 596 3524 825 3595; x_wconf 89' lang='lat' dir='ltr'>responsionibus</span> <span class='ocrx_word' id='word_1_175' title='bbox 845 3526 1022 3581; x_wconf 87' lang='lat' dir='ltr'>sermonibus</span> <span class='ocrx_word' id='word_1_176' title='bbox 1041 3527 1160 3598; x_wconf 83' lang='lat' dir='ltr'>aliisque</span> <span class='ocrx_word' id='word_1_177' title='bbox 1178 3529 1317 3583; x_wconf 87' lang='lat' dir='ltr'>exercitiis</span> <span class='ocrx_word' id='word_1_178' title='bbox 1336 3545 1386 3599; x_wconf 89' lang='lat' dir='ltr'>per</span> <span class='ocrx_word' id='word_1_179' title='bbox 1402 3533 1515 3584; x_wconf 76' lang='lat' dir='ltr'>statuta</span> 
     </span>
     <span class='ocr_line' id='line_1_24' title="bbox 426 3611 1514 3686; baseline 0.006 -21"><span class='ocrx_word' id='word_1_180' title='bbox 426 3611 501 3681; x_wconf 89' lang='lat' dir='ltr'>regia</span> <span class='ocrx_word' id='word_1_181' title='bbox 521 3611 666 3682; x_wconf 89' lang='lat' dir='ltr'>requisitis</span> <span class='ocrx_word' id='word_1_182' title='bbox 686 3612 807 3666; x_wconf 87' lang='lat' dir='ltr'>sufficiat</span> <span class='ocrx_word' id='word_1_183' title='bbox 828 3614 853 3667; x_wconf 90' lang='lat' dir='ltr'>ei</span> <span class='ocrx_word' id='word_1_184' title='bbox 875 3619 936 3668; x_wconf 87' lang='lat' dir='ltr'>tarn</span> <span class='ocrx_word' id='word_1_185' title='bbox 959 3614 995 3668; x_wconf 84' lang='lat' dir='ltr'>sd</span> <span class='ocrx_word' id='word_1_186' title='bbox 1019 3615 1217 3686; x_wconf 91' lang='lat' dir='ltr'>opponendum</span> <span class='ocrx_word' id='word_1_187' title='bbox 1238 3633 1324 3685; x_wconf 89' lang='lat' dir='ltr'>quam</span> <span class='ocrx_word' id='word_1_188' title='bbox 1345 3615 1382 3671; x_wconf 81' lang='lat' dir='ltr'>sd</span> <span class='ocrx_word' id='word_1_189' title='bbox 1405 3617 1514 3672; x_wconf 86' lang='lat' dir='ltr'>intran-</span> 
     </span>
     <span class='ocr_line' id='line_1_25' title="bbox 424 3698 1514 3774; baseline 0.006 -20"><span class='ocrx_word' id='word_1_190' title='bbox 424 3699 542 3754; x_wconf 90' lang='lat' dir='ltr'>durnin</span> <span class='ocrx_word' id='word_1_191' title='bbox 560 3715 640 3754; x_wconf 81' lang='lat' dir='ltr'>sacre</span> <span class='ocrx_word' id='word_1_192' title='bbox 657 3698 798 3770; x_wconf 83' lang='lat' dir='ltr'>theologie</span> <span class='ocrx_word' id='word_1_193' title='bbox 841 3700 948 3756; x_wconf 84' lang='lat' dir='ltr'>Esdem</span> <span class='ocrx_word' id='word_1_194' title='bbox 966 3703 1059 3773; x_wconf 87' lang='lat' dir='ltr'>gratia</span> <span class='ocrx_word' id='word_1_195' title='bbox 1076 3703 1240 3759; x_wconf 88' lang='lat' dir='ltr'>conceditur</span> <span class='ocrx_word' id='word_1_196' title='bbox 1256 3702 1352 3758; x_wconf 90' lang='lat' dir='ltr'>eodem</span> <span class='ocrx_word' id='word_1_197' title='bbox 1370 3704 1514 3774; x_wconf 71' lang='lat' dir='ltr'>magistris</span> 
     </span>
     <span class='ocr_line' id='line_1_26' title="bbox 426 3785 1515 3861; baseline 0.009 -22"><span class='ocrx_word' id='word_1_198' title='bbox 426 3785 545 3840; x_wconf 78' lang='lat' dir='ltr'>Ricardo</span> <span class='ocrx_word' id='word_1_199' title='bbox 561 3786 693 3841; x_wconf 88' lang='lat' dir='ltr'>Warfield</span> <span class='ocrx_word' id='word_1_200' title='bbox 711 3787 781 3842; x_wconf 86' lang='lat' dir='ltr'>Jesu</span> <span class='ocrx_word' id='word_1_201' title='bbox 798 3788 842 3843; x_wconf 84' lang='lat' dir='ltr'>Jo.</span> <span class='ocrx_word' id='word_1_202' title='bbox 861 3789 917 3844; x_wconf 82' lang='lat' dir='ltr'>Dix</span> <span class='ocrx_word' id='word_1_203' title='bbox 936 3789 1017 3861; x_wconf 87' lang='lat' dir='ltr'>Corp.</span> <span class='ocrx_word' id='word_1_204' title='bbox 1036 3789 1142 3846; x_wconf 87' lang='lat' dir='ltr'>Christi</span> <span class='ocrx_word' id='word_1_205' title='bbox 1161 3792 1230 3847; x_wconf 91' lang='lat' dir='ltr'>Tho.</span> <span class='ocrx_word' id='word_1_206' title='bbox 1251 3793 1326 3847; x_wconf 80' lang='lat' dir='ltr'>Bere</span> <span class='ocrx_word' id='word_1_207' title='bbox 1344 3793 1377 3848; x_wconf 74' lang='lat' dir='ltr'>C,</span> <span class='ocrx_word' id='word_1_208' title='bbox 1395 3791 1419 3848; x_wconf 80' lang='lat' dir='ltr'>dc</span> <span class='ocrx_word' id='word_1_209' title='bbox 1435 3793 1465 3849; x_wconf 89' lang='lat' dir='ltr'>C.</span> <span class='ocrx_word' id='word_1_210' title='bbox 1484 3798 1515 3849; x_wconf 85' lang='lat' dir='ltr'>et</span> 
     </span>
     <span class='ocr_line' id='line_1_27' title="bbox 425 3871 1515 3953; baseline 0.009 -26"><span class='ocrx_word' id='word_1_211' title='bbox 425 3873 458 3944; x_wconf 69' lang='lat' dir='ltr'>ijo</span> <span class='ocrx_word' id='word_1_212' title='bbox 483 3871 651 3930; x_wconf 85' lang='lat' dir='ltr'>Novembris</span> <span class='ocrx_word' id='word_1_213' title='bbox 678 3877 822 3947; x_wconf 81' lang='lat' dir='ltr'>magistris</span> <span class='ocrx_word' id='word_1_214' title='bbox 850 3877 918 3933; x_wconf 89' lang='lat' dir='ltr'>Tho.</span> <span class='ocrx_word' id='word_1_215' title='bbox 945 3879 1099 3950; x_wconf 85' lang='lat' dir='ltr'>Lawghton</span> <span class='ocrx_word' id='word_1_216' title='bbox 1124 3881 1231 3936; x_wconf 89' lang='lat' dir='ltr'>Christi</span> <span class='ocrx_word' id='word_1_217' title='bbox 1263 3881 1381 3936; x_wconf 84' lang='lat' dir='ltr'>Ricardo</span> <span class='ocrx_word' id='word_1_218' title='bbox 1405 3882 1515 3953; x_wconf 84' lang='lat' dir='ltr'>Spsrke</span> 
     </span>
     <span class='ocr_line' id='line_1_28' title="bbox 426 3961 1514 4041; baseline 0.009 -26"><span class='ocrx_word' id='word_1_219' title='bbox 426 3962 531 4032; x_wconf 79' lang='lat' dir='ltr'>Regino</span> <span class='ocrx_word' id='word_1_220' title='bbox 559 3961 602 4016; x_wconf 88' lang='lat' dir='ltr'>Jo.</span> <span class='ocrx_word' id='word_1_221' title='bbox 629 3962 733 4035; x_wconf 83' lang='lat' dir='ltr'>Smyth</span> <span class='ocrx_word' id='word_1_222' title='bbox 759 3965 830 4019; x_wconf 68' lang='lat' dir='ltr'>‚Iesu</span> <span class='ocrx_word' id='word_1_223' title='bbox 872 3965 912 4019; x_wconf 85' lang='lat' dir='ltr'>Et</span> <span class='ocrx_word' id='word_1_224' title='bbox 943 3970 977 4021; x_wconf 89' lang='grc'>19</span> <span class='ocrx_word' id='word_1_225' title='bbox 1000 3967 1081 4022; x_wconf 87' lang='lat' dir='ltr'>Junii</span> <span class='ocrx_word' id='word_1_226' title='bbox 1111 3967 1252 4039; x_wconf 81' lang='lat' dir='ltr'>magistris</span> <span class='ocrx_word' id='word_1_227' title='bbox 1283 3969 1379 4024; x_wconf 85' lang='lat' dir='ltr'>Franc.</span> <span class='ocrx_word' id='word_1_228' title='bbox 1405 3969 1514 4041; x_wconf 87' lang='lat' dir='ltr'>Savagc</span> 
     </span>
    </p>

    <p class='ocr_par' dir='ltr' id='par_1_9' title="bbox 302 4047 1514 4215">
     <span class='ocr_line' id='line_1_29' title="bbox 302 4047 1514 4130; baseline 0.012 -31"><span class='ocrx_word' id='word_1_229' title='bbox 302 4113 306 4119; x_wconf 29' lang='grc' dir='ltr'>Ι</span> <span class='ocrx_word' id='word_1_230' title='bbox 424 4047 564 4102; x_wconf 92' lang='lat' dir='ltr'>Willelmo</span> <span class='ocrx_word' id='word_1_231' title='bbox 588 4049 695 4105; x_wconf 86' lang='lat' dir='ltr'>Barker</span> <span class='ocrx_word' id='word_1_232' title='bbox 719 4051 842 4107; x_wconf 78' lang='lat' dir='ltr'>Samueli</span> <span class='ocrx_word' id='word_1_233' title='bbox 872 4053 968 4109; x_wconf 89' lang='lat' dir='ltr'>Heron</span> <span class='ocrx_word' id='word_1_234' title='bbox 995 4055 1147 4110; x_wconf 86' lang='lat' dir='ltr'>Laurentio</span> <span class='ocrx_word' id='word_1_235' title='bbox 1173 4056 1231 4127; x_wconf 87' lang='lat' dir='ltr'>Ley</span> <span class='ocrx_word' id='word_1_236' title='bbox 1256 4056 1376 4112; x_wconf 83' lang='lat' dir='ltr'>Ricardo</span> <span class='ocrx_word' id='word_1_237' title='bbox 1399 4058 1514 4130; x_wconf 86' lang='lat' dir='ltr'>Wright</span> 
     </span>
     <span class='ocr_line' id='line_1_30' title="bbox 424 4136 1514 4215; baseline 0.011 -24"><span class='ocrx_word' id='word_1_238' title='bbox 424 4136 493 4192; x_wconf 87' lang='lat' dir='ltr'>Tho.</span> <span class='ocrx_word' id='word_1_239' title='bbox 515 4137 652 4193; x_wconf 86' lang='lat' dir='ltr'>Whitnell</span> <span class='ocrx_word' id='word_1_240' title='bbox 677 4139 746 4194; x_wconf 89' lang='lat' dir='ltr'>Tho.</span> <span class='ocrx_word' id='word_1_241' title='bbox 772 4140 915 4196; x_wconf 81' lang='lat' dir='ltr'>Atherton</span> <span class='ocrx_word' id='word_1_242' title='bbox 941 4141 1054 4213; x_wconf 89' lang='lat' dir='ltr'>Hugoni</span> <span class='ocrx_word' id='word_1_243' title='bbox 1080 4143 1157 4215; x_wconf 85' lang='lat' dir='ltr'>Grcy</span> <span class='ocrx_word' id='word_1_244' title='bbox 1181 4145 1331 4200; x_wconf 86' lang='lat' dir='ltr'>Trinitatis</span> <span class='ocrx_word' id='word_1_245' title='bbox 1354 4145 1398 4201; x_wconf 85' lang='lat' dir='ltr'>Jo.</span> <span class='ocrx_word' id='word_1_246' title='bbox 1424 4147 1514 4202; x_wconf 85' lang='lat' dir='ltr'>Beau-</span> 
     </span>
    </p>
   </div>
   <div class='ocr_carea' id='block_1_8' title="bbox 423 4223 1516 4366">
    <p class='ocr_par' dir='ltr' id='par_1_10' title="bbox 423 4223 1516 4366">
     <span class='ocr_line' id='line_1_31' title="bbox 423 4223 1516 4366; baseline 0.013 -89"><span class='ocrx_word' id='word_1_247' title='bbox 423 4223 588 4366; x_wconf 47' lang='lat' dir='ltr'>qiplsmpaeffiet</span> <span class='ocrx_word' id='word_1_248' title='bbox 607 4226 706 4281; x_wconf 88' lang='lat' dir='ltr'>Miloni</span> <span class='ocrx_word' id='word_1_249' title='bbox 726 4228 820 4284; x_wconf 89' lang='lat' dir='ltr'>Mosse</span> <span class='ocrx_word' id='word_1_250' title='bbox 836 4234 866 4285; x_wconf 91' lang='lat' dir='ltr'>et</span> <span class='ocrx_word' id='word_1_251' title='bbox 886 4231 992 4302; x_wconf 86' lang='lat' dir='ltr'>Rogero</span> <span class='ocrx_word' id='word_1_252' title='bbox 1009 4231 1072 4290; x_wconf 85' lang='lat' dir='ltr'>Ded</span> <span class='ocrx_word' id='word_1_253' title='bbox 1092 4232 1186 4292; x_wconf 84' lang='lat' dir='ltr'>Perob.</span> <span class='ocrx_word' id='word_1_254' title='bbox 1204 4239 1235 4292; x_wconf 85' lang='lat' dir='ltr'>et</span> <span class='ocrx_word' id='word_1_255' title='bbox 1250 4233 1388 4290; x_wconf 90' lang='lat' dir='ltr'>Cutberto</span> <span class='ocrx_word' id='word_1_256' title='bbox 1405 4235 1516 4308; x_wconf 79' lang='lat' dir='ltr'>Nonys</span> 
     </span>
     <span class='ocr_line' id='line_1_32' title="bbox 474 4329 574 4366; baseline 0.01 -1"><span class='ocrx_word' id='word_1_257' title='bbox 474 4329 503 4365; x_wconf 80' lang='lat' dir='ltr'>nl</span> <span class='ocrx_word' id='word_1_258' title='bbox 560 4330 574 4366; x_wconf 79' lang='lat' dir='ltr'>S</span> 
     </span>
    </p>
   </div>
   <div class='ocr_carea' id='block_1_9' title="bbox 0 0 1704 5122">
    <p class='ocr_par' dir='ltr' id='par_1_11' title="bbox 0 0 1704 5122">
     <span class='ocr_line' id='line_1_33' title="bbox 0 0 1704 5122; baseline 0 0"><span class='ocrx_word' id='word_1_259' title='bbox 0 0 1704 5122; x_wconf 95' lang='lat' dir='ltr'> </span> 
     </span>
    </p>
   </div>
  </div>
 </body>
</html>
