3398 5122
222 2419 347 2479 riteh

365 378 428 441 434

802 391 916 440 aaron
939 392 1031 440 soor
1054 391 1077 439 a
1356 377 1522 460 [1588-89

365 545 434 604 con
461 547 537 618 aege.
579 547 751 602 Conceditur
772 545 914 602 willermo
934 546 1041 619 resopp
1062 505 1263 604 marmurae
1283 548 1388 602 aarum
1410 545 1438 601 in
1460 562 1524 601 eoa-

434 635 528 691 demia
552 635 703 692 Oxonienai
728 639 758 691 et
782 654 859 692 nunc
882 637 912 691 iu
937 642 1064 691 nostram
1088 636 1262 692 academiam
1290 637 1466 707 incorporato
1489 637 1523 687 vt

433 723 562 780 studium
586 729 715 796 tempora
739 729 769 780 et
790 725 885 780 omnia
908 725 1077 780 scholastica
1100 726 1233 781 exercitia
1256 743 1306 798 per
1329 727 1439 780 statuta
1459 741 1522 778 aea-

433 811 524 867 demie
537 812 704 868 Oxoniensis
716 813 752 867 ad
764 811 882 884 gradum
896 814 1050 884 magisterii
1062 815 1092 869 in
1105 813 1214 870 artibus
1226 813 1362 886 requisita
1374 813 1523 884 diligenter

432 903 463 955 st
482 899 665 955 laudabiliter
684 901 721 955 ab
743 918 775 955 eo
796 901 854 955 iarn
876 906 991 972 peracta
1014 904 1109 973 (prout
1130 920 1181 974 per
1201 903 1297 958 literas
1318 900 1522 957 testimoniales

433 988 653 1044 vicecancellarii
674 987 780 1043 ibidem
800 991 945 1045 communi
964 991 1056 1061 sigillo
1075 991 1237 1063 obsignatas
1255 991 1369 1063 planius
1387 1006 1522 1062 apparere

433 1077 538 1147 potest)
557 1075 697 1130 sufficiant
715 1076 740 1131 ei
759 1075 795 1131 ad
815 1075 1006 1148 incipiendum
1024 1079 1054 1132 in
1072 1078 1182 1134 artibus

363 1164 533 1220 Conceditur
553 1168 570 1220 6
589 1164 669 1220 Junii
689 1170 721 1219 vt
741 1164 895 1237 prenobilis
914 1165 1047 1222 dominus
1069 1167 1210 1223 Henricus
1229 1168 1329 1224 Comes
1350 1165 1521 1236 Southamp-

433 1253 571 1308 toniensis
587 1252 720 1308 dominus
732 1254 923 1326 Wriothceley
936 1254 1069 1310 alumnus
1082 1261 1174 1311 vester
1188 1260 1336 1326 cooptetur
1349 1254 1379 1308 in
1393 1252 1520 1308 ordinem

433 1340 632 1411 magistrorum
649 1341 679 1395 in
696 1340 806 1396 artibus
823 1341 911 1396 sicvt
927 1359 983 1397 non
1000 1347 1126 1397 arctetur
1141 1342 1177 1398 ad
1192 1342 1318 1413 aliquam
1333 1340 1519 1396 ceremoniam

432 1428 545 1483 solitam
563 1428 707 1484 observari
726 1428 763 1483 ab
781 1429 983 1500 incipientibus
1001 1431 1032 1485 in
1050 1429 1147 1486 eadem
1165 1431 1302 1486 facultate
1316 1429 1366 1484 sed
1382 1445 1446 1483 oum
1463 1427 1520 1499 pri·

434 1534 512 1572 mum
531 1515 643 1587 publice
661 1522 692 1571 et
710 1517 741 1571 in
760 1521 862 1572 senatu
882 1517 997 1573 domino
1017 1519 1232 1590 prooaneellerio
1252 1518 1337 1574 fidam
1357 1517 1465 1573 dederit
1483 1516 1520 1572 de

434 1605 607 1661 observando
620 1605 765 1678 privilegia
776 1610 806 1661 et
817 1606 1035 1663 consuetudines
1049 1607 1134 1663 huius
1147 1607 1339 1663 vniuersitatis
1350 1603 1520 1678 approbatas

434 1695 533 1750 statim
550 1695 585 1750 ad
603 1695 740 1767 placitum
756 1695 928 1752 admittatur
969 1697 1009 1751 Et
1022 1697 1083 1753 eius
1097 1697 1230 1752 admissio
1241 1700 1299 1751 stet
1310 1713 1361 1768 pro
1373 1695 1520 1766 completis

433 1782 522 1854 gradu
540 1790 570 1838 et
587 1783 678 1838 forma
696 1785 726 1838 in
744 1784 793 1839 illa
811 1784 947 1840 facultate
991 1785 1038 1842 Ita
1055 1791 1151 1841 tamen
1169 1790 1202 1840 vt
1219 1786 1250 1841 in
1267 1785 1402 1856 proximis
1418 1783 1521 1838 vestris

433 1871 605 1926 solemnibus
625 1872 749 1926 comitiis
768 1890 833 1927 curn
853 1873 949 1945 aliquo
967 1873 1144 1946 publicorum
1164 1874 1393 1947 respondentium
1411 1873 1470 1929 sive
1489 1873 1520 1928 in

433 1959 567 2031 vesperiis
584 1960 643 2015 sive
661 1961 692 2015 in
709 1959 755 2015 die
773 1959 900 2032 disputet

556 2436 645 2502 Ordo
667 2439 866 2507 senioritatis
889 2445 1116 2530 magistrorum
1139 2444 1173 2510 in
1195 2445 1319 2512 artibus

357 2648 462 2722 Jesopp
569 2653 674 2725 Regino
745 2657 837 2713 Green
955 2661 989 2716 G.
1003 2661 1064 2716 Gaii
1132 2661 1277 2717 Holliman
1342 2663 1408 2720 Ben.

359 2736 489 2809 Ingrame
568 2743 660 2813 Magd.
745 2746 877 2803 Nicolson
1131 2750 1240 2806 Crewes

359 2826 458 2881 Loltus
569 2829 626 2887 Jes.
746 2835 853 2904 Sparke

1345 2797 1409 2868 seg.

957 2837 1015 2908 aeg
1133 2838 1240 2910 Sharpe

358 2912 509 2970 Gouldwell
569 2918 634 2974 Ben.
745 2922 865 2978 Gerrard
955 2925 1011 2980 Tri.
1131 2925 1244 2981 Griffith
1341 2925 1433 2998 Maga

358 2999 521 3057 Gouthman
570 3003 682 3063 (idco.
745 3007 883 3064 Gordiner
1015 3055 1020 3067 .
1131 3013 1238 3068 Mones
1340 3013 1383 3068 Jo.

357 3087 439 3143 Same
569 3091 670 3150 Bened.
746 3096 838 3152 Lister
1132 3101 1226 3157 Iewes
1342 3102 1433 3174 Megd.

357 3177 449 3233 Leuke
567 3181 623 3238 Tri.
743 3185 850 3241 Barker
995 3190 1010 3246 ¹.
1131 3190 1285 3246 Richeman
1341 3193 1415 3247 Pem.

357 3263 451 3319 Fuller
569 3268 627 3325 Pet
745 3271 827 3328 Hunt
996 3277 1010 3333 '.
1130 3277 1244 3333 Walksr
1340 3279 1405 3335 (ihr.

357 3350 449 3422 Graye
567 3355 632 3410 Chr.
744 3359 845 3414 Curres
1013 3407 1019 3421 .
1133 3364 1213 3420 Allen
1340 3367 1415 3423 Pom

357 3439 450 3494 Oooke
565 3443 629 3500 Jola
744 3447 829 3502 Ourle
997 3454 1012 3508 '.
1132 3453 1236 3524 Bawgh

358 3527 509 3584 Glascocke
568 3530 649 3586 Clare
746 3535 834 3591 Perae
1132 3541 1263 3597 Michaell

358 3615 459 3670 Bolton
625 3660 632 3674 .
744 3625 831 3696 'li-ym

357 3701 482 3758 Withers
624 3747 632 3763 .
744 3709 848 3765 Sutton
955 3713 1020 3786 Reg.

357 3788 458 3845 clerks
628 3836 634 3851 .
742 3797 829 3869 Aylet
954 3802 1023 3858 lesu

358 3879 490 3934 Nicolson
628 3883 663 3940 '.
744 3885 921 3960 Mountagow
956 3891 1021 3964 ng.

358 3963 481 4037 Malerye
609 3969 623 4024 '.
743 3973 896 4032 Barnewell
952 3979 1027 4051 Regi.

358 4051 497 4108 Beolrman
746 4061 837 4118 Wooll
953 4066 1010 4123 Jea

357 4139 478 4211 Spenser
618 4187 624 4200 .
744 4149 843 4207 Butler
952 4157 1027 4228 Regi.

357 4226 425 4282 Reli

671 4277 676 4289 .
741 4237 841 4294 Mihell

357 4313 453 4385 D⁰dss0
567 4319 643 4390 Regi·
742 4325 872 4384 (lawston
952 4289 1019 4346 ΒΜ

357 4401 532 4473 Stephensoa
569 4407 626 4462 Pet
745 4415 807 4472 Dod
