3344 5110
153 350 328 435 1544-45]
596 367 710 417 cusos
732 369 824 418 econ
849 368 871 417 Δ
1241 361 1245 366 ’
1278 353 1319 417 23

153 520 232 576 Item
246 522 409 579 conceditur
422 522 543 579 ltoberto
556 523 639 579 Leete
651 530 684 580 vt
695 528 728 579 12
740 525 855 580 termini
864 525 894 579 in
903 523 1008 596 quibus
1019 523 1153 579 lectiones
1164 522 1319 579 ordinarius

226 611 341 667 audiuit
360 630 409 684 per
429 613 565 668 muiorem
581 617 692 685 purtem
710 614 740 668 in
755 618 816 668 toto
834 629 900 668 cum
917 610 1141 684 oppositionibus
1157 615 1188 666 et
1205 627 1317 682 respon-

225 698 355 754 sionibus
366 701 511 772 requisitis
521 701 663 757 sufficieut
676 703 701 758 ei
720 702 756 757 ud
769 701 996 773 respondendum
1008 700 1151 773 questioni

207 965 377 1031 Numerus
398 965 703 1032 beccheleurecrum
726 967 761 1032 in
783 967 911 1032 ortibus
933 967 1032 1032 huius
1053 966 1132 1032 enni
1154 967 1261 1032 iuxte¹

623 1073 846 1138 senioritatem

654 1224 798 1298 Goldynge
1043 1225 1193 1282 Edwardee

655 1312 792 1366 Emerecu

655 1401 799 1473 Dylkcoke

654 1488 839 1560 wyssinmson

654 1575 747 1632 Bekcr

654 1666 768 1721 Buskell

652 1754 774 1825 Wryght

654 1843 750 1914 Itebye

654 1931 819 2002 longhornc

652 2018 780 2074 Thcxton

558 2377 706 2462 Magistri
730 2377 763 2441 in
787 2376 913 2442 artibus
1325 2389 1346 2448 t.
1365 2390 1430 2448 lob

153 2549 187 2604 In
207 2551 309 2621 primis
329 2549 490 2606 conceditur
510 2547 633 2604 Henrico
654 2547 784 2619 Ayluude
804 2554 837 2603 vt
855 2566 956 2604 novem
977 2549 1092 2606 termini
1113 2553 1178 2621 poet
1199 2549 1311 2606 flnslem

223 2639 287 2692 eius
309 2636 574 2692 determinationem
598 2637 627 2690 in
652 2634 756 2707 quibus
784 2634 918 2691 lectiones
945 2636 1101 2692 ordinarius
1128 2636 1240 2692 audiuit
1263 2653 1313 2708 per

224 2725 360 2780 maiorem
379 2724 536 2796 partemin
554 2728 616 2779 toto
633 2742 698 2779 cum
717 2723 810 2780 tribus
833 2723 1061 2796 responsionibus
1084 2725 1205 2781 sufficiet
1228 2726 1254 2780 ei
1274 2726 1311 2783 ed

224 2811 417 2885 incipiendum
438 2812 467 2866 in
486 2811 596 2868 ortibus

154 2903 263 2959 undem
285 2902 376 2972 gretie
398 2901 433 2957 de
454 2900 539 2956 verbo
563 2901 592 2956 iu
613 2901 732 2956 verbum
756 2902 919 2957 conceditur
942 2899 1049 2957 'lffiome
1073 2901 1177 2958 levero
1201 2903 1309 2960 Simoni

223 2989 326 3046 Oierke
343 2989 469 3044 Antonio
490 2986 610 3059 Huggen
632 2988 772 3044 Richardc
791 2986 891 3044 Ruddc
908 2987 1030 3043 dominis
1047 2990 1170 3046 Aterion
1188 2991 1310 3063 Tyndell

223 3083 255 3133 et
274 3077 393 3149 Smythe

155 3165 228 3222 Item
240 3163 403 3222 conceditur
414 3165 529 3221 domino
545 3165 641 3221 Elmer
651 3172 685 3221 vt
698 3183 799 3223 novem
812 3167 926 3222 termini
943 3170 1008 3237 poet
1020 3165 1132 3222 finalem
1144 3167 1205 3222 cius
1218 3167 1308 3224 deter-

224 3255 409 3310 minetiouem
426 3255 456 3308 in
472 3253 578 3325 quibus
591 3254 725 3310 lectiones
740 3254 896 3310 ordinaries
911 3253 1023 3310 uudiuit
1040 3253 1106 3310 licet
1122 3272 1178 3310 non
1195 3256 1310 3311 omnino

224 3341 379 3396 secundum
394 3341 514 3397 formem
531 3343 634 3397 statuti
651 3360 717 3398 cum
732 3341 843 3398 duobus
860 3340 1087 3413 responsionibus
1104 3348 1134 3398 ct
1148 3361 1204 3398 vne
1219 3345 1309 3399 verie-

223 3429 300 3483 tione
312 3429 438 3500 proximo
449 3447 523 3484 enno
536 3429 580 3485 vel
592 3431 622 3485 in
634 3430 787 3486 commitiis
799 3430 934 3501 proximis
945 3430 1067 3485 sufficiet
1083 3429 1109 3484 ei
1125 3429 1161 3484 ed
1176 3431 1307 3502 incipien-

223 3516 293 3572 dum
305 3516 335 3570 in
347 3515 457 3572 artibus

156 3599 229 3657 Item
245 3602 407 3658 conceditur
423 3603 538 3658 dominc
556 3603 660 3660 Leedes
678 3608 711 3659 vt
728 3622 777 3660 sex
794 3605 908 3660 temnini
926 3609 992 3676 post
1009 3604 1122 3661 finelem
1140 3605 1201 3661 eius
1218 3605 1309 3663 deter-

225 3691 409 3747 minationem
418 3691 448 3746 in
459 3691 563 3764 quibus
572 3692 705 3749 lectiones
712 3692 867 3748 ordinaries
875 3691 987 3748 eudiuit
998 3708 1049 3764 per
1056 3692 1190 3748 maiorem
1198 3701 1309 3765 purtem

225 3779 254 3832 iu
270 3783 333 3833 toto
348 3795 413 3833 cum
428 3777 520 3833 tribus
536 3779 765 3850 responsionibus
780 3779 903 3834 sufficiet
918 3779 944 3834 ci
960 3777 996 3834 ed
1013 3779 1204 3850 incipiendum
1219 3781 1249 3836 in
1266 3799 1308 3838 cr-

225 3865 302 3921 tibus

156 3949 260 4009 Eadem
280 3954 372 4025 gretie
392 3953 428 4009 de
448 3953 532 4009 verbo
551 3955 582 4009 in
601 3955 719 4011 verbum
739 3955 902 4011 conceditur
922 3954 1044 4010 dominis
1066 3955 1182 4012 torsias
1201 3957 1309 4015 Blande

236 4042 430 4114 Grymedyche
449 4049 479 4097 et
498 4042 612 4098 Mor-ton

158 4126 229 4186 Item
240 4131 403 4187 conceditur
418 4131 533 4187 dominc
546 4131 696 4188 Hewiorde
707 4137 740 4188 vt
754 4149 803 4188 sex
814 4132 928 4188 termini
945 4139 1009 4204 post
1022 4131 1133 4188 finalem
1146 4134 1207 4189 eius
1218 4135 1307 4192 deter-

225 4219 409 4276 minationem
436 4219 466 4273 in
493 4217 598 4290 quibus
626 4218 760 4276 lectiones
787 4220 942 4275 ordinaries
965 4220 1076 4276 eudiuit
1099 4238 1149 4293 per
1174 4223 1308 4280 meicmm

206 4397 215 4430 ¹
232 4400 316 4450 These
327 4415 420 4451 urmes
431 4415 475 4450 ere
486 4401 588 4451 written
600 4417 635 4451 on
648 4401 691 4451 the
704 4399 805 4451 bottom
816 4401 879 4463 edgc
890 4401 919 4450 oi
930 4401 964 4451 to.
977 4401 1016 4454 th
1027 4413 1057 4451 es
1071 4401 1144 4451 those
1156 4417 1190 4450 cn
1202 4419 1228 4466 p.
1239 4407 1264 4454 t.
