3408 5116
347 299 411 361 368
782 311 896 360 esaon
918 311 1011 361 soon
1034 312 1056 359 a
1336 299 1507 383 [1582-83

346 469 517 524 Conceditur
532 470 629 524 codem
648 470 781 540 magistro
794 469 864 525 Tho.
877 468 987 524 Turner
1000 474 1031 524 vt
1044 469 1172 525 studium
1186 475 1221 524 m
1232 487 1371 525 annorum
1383 471 1413 524 in
1426 469 1507 524 theo-

416 557 489 628 logia
501 562 652 628 postquam
665 557 768 612 rexerit
781 558 810 612 in
824 556 934 613 artibus
946 575 1011 613 cum
1023 575 1079 612 vna
1091 557 1270 628 responsione
1282 557 1389 613 doctori
1403 559 1465 627 (sic)
1476 562 1507 612 et

416 665 471 701 vno
487 664 614 702 sermone
626 647 660 702 ad
674 646 780 702 clerum
792 647 914 701 sufficiat
925 647 950 700 ei
963 646 999 702 ad
1013 647 1203 717 incipiendum
1217 647 1246 700 in
1259 663 1338 700 sacra
1350 645 1492 716 theologia

345 732 515 788 Conceditur
538 731 634 787 eodem
659 732 794 803 magistro
819 732 939 787 Ricardo
964 731 1049 787 Wood
1075 736 1106 787 vt
1127 732 1254 787 studium
1276 737 1292 786 b
1313 749 1451 786 annorum
1473 733 1505 786 in

416 821 554 892 theologia
573 827 636 892 post
654 821 772 892 gradum
789 820 1037 876 bacchelaureatus
1056 825 1101 876 ctc
1120 839 1184 876 cum
1204 821 1426 892 oppositionibus
1448 839 1505 875 vna

415 911 594 981 responsione
606 910 636 964 in
649 911 782 980 vesperiis
794 910 972 964 comitiorum
984 908 1161 964 sermonibus
1175 915 1205 964 et
1218 909 1282 964 aliis
1298 909 1437 964 exercitiis
1453 927 1505 980 per

415 1001 525 1052 statuta
536 997 612 1068 regia
624 997 769 1069 requisitis
780 997 903 1052 sufficiat
914 998 940 1052 ei
952 996 988 1052 ad
1001 996 1192 1068 incipiendum
1204 998 1234 1052 in
1247 1015 1327 1052 sacra
1338 997 1480 1068 theologia

345 1085 514 1141 Conceditur
525 1089 543 1140 8
555 1085 633 1140 lunii
652 1085 785 1156 magistro
802 1085 896 1141 Godfr.
913 1085 1120 1140 Goldisborowe
1137 1089 1169 1140 vt
1185 1085 1312 1140 studium
1330 1090 1346 1139 5
1364 1102 1503 1140 annonam

415 1174 444 1226 in
460 1173 600 1244 theologia
616 1179 680 1244 post
692 1172 810 1244 gradum
823 1180 867 1228 etc
879 1191 945 1228 oum
958 1190 1013 1228 vna
1026 1174 1206 1246 responsione
1218 1178 1248 1228 et
1259 1191 1315 1228 vno
1326 1190 1454 1228 sermone
1465 1173 1502 1228 ad

416 1259 551 1331 populum
564 1260 592 1314 in
607 1261 748 1315 amoma
760 1261 866 1332 templo
878 1245 1001 1316 sufficiat
1011 1261 1037 1315 ei
1049 1266 1094 1315 uc

345 1349 514 1404 Conceditur
528 1353 558 1402 11
573 1349 591 1403 J
593 1350 653 1404 unii
667 1350 802 1419 magistro
813 1350 831 1404 J
833 1367 857 1404 o.
872 1348 1024 1420 Robynson
1037 1349 1104 1403 olim
1121 1348 1195 1403 socio
1213 1349 1277 1404 aule
1294 1347 1456 1405 Pembroch.
1471 1350 1501 1404 in

416 1438 486 1492 istac
495 1437 680 1493 uniuersitate
690 1444 719 1493 ct
729 1443 827 1509 postea
835 1439 941 1510 collegii
949 1439 1008 1493 divi
1015 1438 1033 1492 J
1035 1439 1154 1492 ohannis
1162 1438 1191 1492 in
1200 1438 1351 1492 Oxoniensi
1358 1437 1503 1492 rmademia

415 1525 538 1596 prefecto
557 1529 587 1578 ct
604 1543 680 1579 nunc
701 1525 816 1580 ecclesie
837 1524 1013 1580 Octhcdralic
1035 1524 1240 1580 Lincohiiensis
1263 1524 1449 1596 prebendario
1470 1531 1503 1580 vt

415 1610 542 1666 studium
555 1615 590 1664 24
602 1627 739 1665 annorum
754 1611 799 1666 hic
814 1618 843 1666 et
858 1611 974 1666 Oxoniis
990 1611 1019 1665 in
1037 1611 1176 1681 theologia
1192 1617 1343 1682 postquam
1356 1613 1459 1666 rexerit
1472 1612 1502 1666 in

415 1699 524 1756 artibus
540 1719 605 1756 cum
627 1720 680 1756 vno
699 1720 828 1756 sermone
847 1700 883 1756 ad
903 1701 1039 1774 populum
1060 1703 1090 1756 in
1108 1701 1250 1756 academie
1270 1701 1376 1772 templo
1397 1706 1426 1755 et
1446 1719 1503 1755 vna

416 1789 591 1861 oppositione
602 1789 632 1844 in
646 1790 748 1845 scholis
760 1790 923 1861 theologicis
936 1789 1058 1844 sufficiat
1072 1790 1097 1843 ci
1115 1789 1150 1844 ad
1167 1788 1358 1861 incipiendum
1376 1789 1406 1843 in
1422 1807 1503 1844 sacra

415 1877 555 1948 theologia

768 2279 857 2345 Ordo
879 2279 1078 2344 senioritatis

487 2475 524 2527 Dr
537 2473 680 2528 Robinson
858 2474 892 2529 D.
908 2472 1043 2528 Handson
1224 2475 1257 2530 D.
1270 2474 1359 2529 Wood

486 2561 519 2616 D.
534 2561 741 2633 Hetherington
858 2562 891 2618 D.
906 2561 1114 2616 Goldisborowe
1225 2562 1260 2619 D.
1273 2561 1381 2617 Beuum

486 2649 520 2705 D.
534 2649 644 2704 Turner
861 2649 894 2703 D.
910 2649 1026 2720 Morgan
1226 2650 1259 2706 D.
1276 2649 1358 2705 Rudd

345 2939 429 2993 Mem
447 2938 522 3010 quod
538 2938 666 3009 magistri
684 2938 782 2993 Shawe
797 2943 827 2994 et
842 2939 946 2994 Parker
961 2937 1124 2993 deiecerunt
1137 2943 1168 2994 et
1181 2955 1238 2993 non
1252 2943 1320 2993 sunt
1335 2938 1426 3009 gavisi
1442 2943 1504 2996 suis

415 3027 515 3096 gratiis
526 3036 556 3080 et
568 3025 630 3081 ideo
643 3026 780 3082 forisfecit
791 3025 912 3098 quilibet
924 3045 981 3082 xrs

346 3116 429 3170 Mem.
448 3114 522 3186 quod
542 3114 676 3184 magister
695 3113 846 3185 Robyuson
864 3134 915 3170 sua
933 3116 1080 3170 voluntate
1098 3114 1208 3187 publice
1229 3121 1259 3171 et
1279 3117 1442 3172 solemniter
1459 3135 1503 3173 re·

415 3202 531 3275 spondit
542 3202 649 3258 doctori
662 3202 752 3258 Fulko
763 3201 923 3274 disputanti
936 3204 1016 3258 iuxta
1028 3220 1134 3258 morem
1147 3203 1288 3262 academie

621 3606 744 3672 Gratiae
766 3625 830 3669 non
854 3614 1085 3670 concernentes
1106 3609 1227 3695 gradus

347 3809 517 3864 Conceditur
532 3811 565 3862 10
578 3806 707 3863 Octobris
739 3807 877 3874 Quoniam
887 3804 1036 3864 dubitatur
1046 3809 1081 3865 de
1093 3811 1255 3868 senioritate
1267 3814 1457 3884 eligendorum
1471 3817 1502 3871 in

418 3901 609 3968 procuratores
621 3900 651 3949 et
662 3895 773 3964 questio
786 3892 898 3949 videtur
911 3895 1000 3950 maior
1016 3913 1103 3970 quam
1119 3904 1151 3954 vt
1168 3901 1256 3971 possit
1271 3900 1454 3957 determinari
1471 3905 1502 3958 in

418 3993 499 4040 tanta
515 3983 650 4054 temporis
671 3982 807 4036 brevitate
823 3982 915 4051 placet
931 3983 1012 4039 vobis
1029 3989 1061 4040 vt
1079 3987 1225 4057 elegantur
1242 3987 1370 4044 absolute
1388 3990 1418 4045 in
1437 4009 1502 4062 pro·

418 4077 559 4126 curatores
571 4071 631 4126 sine
643 4069 738 4140 aliqua
750 4070 893 4124 mentione
905 4071 1078 4128 senioritatis
1091 4075 1133 4129 ita
1142 4080 1174 4129 vt
1183 4076 1227 4130 ius
1236 4076 1376 4146 integrum
1386 4083 1503 4134 maneat

416 4160 528 4236 utrique
540 4158 686 4212 maturiori
698 4156 900 4213 deliberacione
912 4165 941 4213 et
953 4160 1079 4230 legitima
1090 4164 1259 4218 auctoritate
1272 4164 1461 4220 definiendum

346 4247 515 4303 Conceditur
530 4249 562 4300 18
575 4243 705 4300 Octobris
719 4249 750 4298 vt
761 4243 846 4298 modo
858 4244 924 4299 lecti
937 4246 996 4301 sint
1006 4250 1163 4319 respective
1174 4251 1305 4306 custodes
1317 4260 1346 4306 et
1357 4251 1504 4310 auditores

417 4335 551 4388 cistarum
563 4349 614 4404 pro
626 4332 679 4387 hoc
691 4348 766 4386 anuo
777 4331 874 4387 laturo
