3422 5116
315 355 357 419 44
749 369 861 420 esron
884 369 977 418 soon
1001 371 1023 418 Δ
1304 348 1468 438 [1546-47

385 525 415 578 in
435 523 521 578 libros
538 523 743 578 sententiarum
788 523 834 579 Sic
853 524 927 595 quod
946 523 1115 578 admittetur
1132 523 1167 578 sd
1186 521 1383 596 opponendum
1404 525 1471 577 ente

385 611 489 664 festum
502 611 628 665 omnium
641 611 807 666 Sanctorum
821 616 851 666 et
862 617 920 666 stet
929 629 1072 684 opponens
1083 628 1171 682 vsque
1180 611 1216 666 ed
1228 613 1333 666 festum
1343 609 1471 666 Burnebe

316 697 389 752 item
404 697 566 754 comeditur
577 698 667 754 eidem
681 705 712 754 vt
729 699 819 770 possit
835 699 948 754 admitti
965 699 1002 754 ed
1018 699 1152 771 placitum
1168 700 1240 755 citro
1253 698 1327 754 diem
1344 699 1469 754 einenrm

384 785 542 856 proximum
561 787 694 857 quonium
712 787 787 842 diem
806 785 933 842 Barnebe
951 789 1011 842 sine
1030 787 1152 842 maximo
1170 805 1221 842 suo
1239 787 1409 842 detrimento
1424 804 1469 842 ex·

382 882 494 946 pectine
507 893 562 930 non
575 881 669 948 potest
681 881 711 930 et
723 881 754 932 vt
766 878 826 931 eius
843 877 977 932 admissio
995 881 1052 931 stet
1069 877 1094 931 ei
1112 895 1162 948 pro
1180 877 1327 948 eompletis
1341 875 1428 947 gradu
1440 879 1470 930 et

383 963 473 1018 formo
491 963 682 1019 beochelsurei
704 963 841 1035 theologie
862 971 892 1019 et
912 964 1079 1036 respondeat
1098 971 1164 1020 ente
1181 965 1326 1020 oommitio
1344 965 1471 1036 proxime

383 1050 437 1105 sub
450 1069 522 1122 pene
533 1052 581 1106 xls
589 1052 719 1124 ponende
727 1053 757 1106 in
770 1052 901 1108 menibus
913 1059 1125 1124 procuratorum
1137 1059 1289 1124 antequem
1301 1052 1471 1109 admittatur

315 1139 388 1194 item
404 1140 567 1195 oonoeditur
578 1147 610 1196 vt
626 1141 717 1211 gretie
732 1141 867 1212 superiori
884 1141 930 1196 die
946 1159 1077 1196 oonoesse
1089 1141 1178 1196 eidem
1196 1146 1299 1196 retest
1315 1142 1396 1196 firme
1409 1158 1469 1195 esse

383 1227 473 1297 possit
491 1244 547 1282 non
565 1227 697 1282 obstante
715 1227 790 1298 quod
808 1245 865 1282 non
883 1227 1088 1284 admittebatur
1105 1233 1172 1282 ente
1189 1228 1263 1284 diem
1282 1229 1312 1284 in
1328 1247 1362 1284 ee
1379 1229 1469 1300 grstia

384 1315 571 1386 prescriptum
589 1317 657 1386 quio
675 1333 724 1387 per
742 1317 855 1386 negocia
873 1315 970 1372 edesse
988 1333 1044 1371 non
1066 1322 1178 1387 poteret
1232 1317 1279 1372 lte
1298 1317 1373 1389 quod
1395 1335 1469 1371 nunc

383 1401 554 1458 admittetur
572 1405 646 1458 infre
663 1404 835 1475 quindenam

314 1489 388 1544 Item
400 1491 562 1546 eonoeditur
580 1492 715 1562 Magistro
728 1492 860 1562 Rewlyns
874 1499 904 1547 vt
916 1493 1042 1548 studium
1056 1498 1179 1564 quatuor
1190 1510 1327 1548 senorum
1344 1494 1374 1548 in
1390 1493 1467 1548 theo-

383 1577 456 1648 logie
472 1585 622 1650 postquam
637 1579 773 1650 inceperit
788 1581 818 1634 in
834 1579 944 1635 ortibus
962 1597 1025 1634 oum
1043 1579 1153 1635 duobus
1171 1580 1346 1636 sermonibus
1362 1598 1417 1636 vno
1432 1579 1467 1635 od

383 1667 489 1723 olerum
500 1669 589 1723 altero
600 1668 636 1723 ed
649 1685 759 1724 cruoem
773 1669 851 1723 Pauli
869 1673 899 1723 et
911 1686 975 1724 oum
988 1687 1044 1726 vno
1056 1671 1235 1741 responsione
1247 1674 1315 1724 ente
1324 1669 1469 1725 oommitio

383 1757 511 1827 proxime
524 1755 578 1811 sub
594 1773 667 1827 pene
684 1757 822 1811 ooutionis
839 1757 922 1811 realis
939 1757 988 1811 ris
1003 1757 1131 1829 ponende
1146 1759 1176 1813 in
1193 1758 1324 1813 munibus
1340 1775 1468 1829 procure-

383 1851 476 1900 torum
488 1851 639 1916 antequem
652 1845 822 1901 admittatur
837 1846 958 1900 sufficiet
974 1847 999 1900 ei
1018 1847 1054 1901 ed
1072 1846 1237 1902 Intrandum
1255 1847 1285 1901 in
1303 1844 1389 1900 libros
1406 1862 1468 1900 sen-

383 1933 535 1988 tentiarum
568 1934 615 1988 Sic
623 1934 698 2004 quod
708 1933 878 1989 edmittetur
887 1943 946 1988 tem
956 1933 991 1988 sd
1000 1934 1198 2005 opponendum
1207 1951 1295 2005 quam
1304 1933 1467 1989 intrandum

381 2019 418 2073 sd
434 2021 569 2090 placitum
581 2021 653 2074 citro
665 2022 769 2075 festum
786 2020 914 2074 Bsrnebe
926 2027 956 2075 et
971 2038 1027 2075 non
1040 2026 1171 2076 teneatur
1182 2021 1218 2076 ed
1230 2022 1388 2077 ulteriorem
1401 2021 1467 2075 resi·

381 2108 506 2164 dentium
520 2111 574 2164 nisi
587 2119 618 2164 vt
630 2110 762 2164 oonviuot

312 2196 386 2252 Item
405 2197 567 2252 conceditur
587 2198 722 2268 Magistro
741 2196 834 2268 Oosyn
852 2201 885 2250 vt
903 2196 1032 2252 studium
1052 2214 1100 2252 sex
1121 2215 1259 2253 annorum
1279 2199 1309 2253 in
1328 2197 1468 2268 theologie

381 2291 532 2356 postquem
548 2287 649 2341 rexerit
666 2286 695 2340 in
710 2285 821 2340 ortibus
838 2302 903 2340 eum
920 2285 1030 2340 duobus
1045 2287 1222 2341 sermonibus
1236 2304 1291 2341 vno
1308 2286 1344 2341 ed
1362 2286 1467 2341 olerum

381 2373 470 2428 altero
492 2373 528 2428 sd
552 2391 662 2429 oruoem
693 2373 772 2428 Peuii
796 2380 826 2428 et
849 2391 914 2428 oum
941 2390 997 2427 vno
1024 2375 1203 2445 responsione
1229 2379 1296 2428 onte
1322 2373 1467 2428 commitis

381 2461 508 2533 proxime
524 2460 577 2516 sub
595 2479 668 2533 peno
685 2462 824 2517 oeutionis
841 2461 890 2515 xls
910 2461 1036 2532 ponende
1055 2462 1085 2517 in
1105 2461 1236 2516 munibus
1255 2468 1467 2533 procuratorum

381 2555 534 2620 antequem
557 2548 728 2604 admittetur
748 2549 869 2605 sufficiet
892 2548 918 2602 ei
942 2547 978 2602 ed
1003 2547 1167 2602 intrandum
1192 2549 1222 2602 in
1247 2547 1332 2602 libros
1355 2552 1465 2602 senten-

381 2638 485 2692 tiarum
530 2636 577 2692 sic
588 2636 664 2706 quod
680 2635 850 2691 edmittetur
866 2641 926 2690 tom
943 2634 979 2689 od
991 2634 1188 2706 opponendum
1200 2652 1286 2706 quom
1303 2634 1466 2690 intrandum

381 2725 454 2778 infre.
469 2740 594 2778 mensem
611 2723 647 2778 ed
664 2723 798 2795 placitum
810 2727 840 2778 et
852 2740 908 2778 non
921 2727 1051 2778 teneatur
1062 2723 1098 2777 ed
1110 2723 1271 2778 ulteriorem
1286 2723 1465 2778 residentiam

382 2810 435 2864 nisi
449 2815 481 2864 vt
492 2810 623 2864 eonviuet

312 2898 387 2953 Item
407 2897 568 2952 mneeditur
590 2897 725 2968 Magistro
747 2897 887 2967 Lengdele
908 2901 939 2952 vt
958 2898 1102 2967 responsio
1122 2897 1183 2952 eius
1206 2897 1346 2968 theologis
1368 2896 1467 2953 hebIte

382 3001 457 3039 nuno
475 2985 504 3038 in
522 2985 675 3039 oommitiis
692 2989 749 3039 stet
767 2985 793 3038 ei
811 3001 862 3055 pro
880 3000 1007 3038 sermone
1022 2983 1058 3038 ed
1075 2983 1180 3038 olerum
1197 2984 1233 3038 ed
1251 3001 1335 3055 quem
1354 2989 1467 3039 tenetur

382 3072 490 3126 ratione
507 3071 610 3142 gradus
628 3071 875 3126 beoohsleureetus
894 3073 922 3126 iu
942 3071 1081 3141 theologie
1098 3073 1220 3143 suseepti

764 3521 885 3586 Doctor
907 3521 1015 3605 legum

314 3689 386 3745 Item
402 3690 563 3746 oonoeditur
580 3691 719 3746 Richardo
737 3692 834 3764 Ferley
852 3698 884 3746 vt
899 3692 1026 3748 studium
1043 3697 1073 3745 et
1089 3691 1212 3762 prsotioe
1231 3696 1263 3746 14
1279 3709 1417 3747 annorum
1435 3693 1464 3747 in

379 3778 443 3850 jure
460 3779 535 3836 oiuili
556 3786 620 3851 post
637 3781 698 3835 eius
714 3781 863 3837 introitum
880 3785 908 3836 In
927 3781 1024 3838 eodem
1043 3781 1164 3836 sufficiet
1181 3781 1206 3835 ei
1222 3780 1260 3836 sd
1276 3781 1465 3852 incipiendum

383 3868 411 3920 in
428 3867 525 3923 eodem
538 3869 602 3938 jure
647 3871 693 3924 Sio
708 3875 741 3924 vt
758 3872 819 3925 eius
835 3871 968 3926 admissio
984 3876 1042 3926 stet
1057 3871 1082 3925 ei
1102 3887 1153 3941 pro
1168 3869 1315 3940 eompletis
1330 3869 1417 3940 gredu
1436 3877 1466 3926 et

382 3955 472 4010 forms
487 3957 621 4026 quoniam
638 3957 736 4012 edesse
753 3960 782 4012 in
801 3961 954 4014 oommitiis
972 3959 1049 4014 nullo
1067 3957 1149 4012 modo
1167 3963 1260 4028 potest
1307 3956 1353 4011 Ite
1370 3962 1464 4012 temen

383 4049 414 4098 vt
432 4044 524 4098 soluat
541 4047 718 4101 vniuersiteti
737 4048 775 4102 xl·
