3394 5114
371 379 432 438 182
803 392 915 440 enses
938 393 1031 440 noos
1054 394 1076 440 Δ
1359 375 1526 458 [1563-61

369 547 538 601 Conceditur
551 550 596 600 10⁰
609 547 730 616 Augusti
744 547 958 601 honoratissimo
975 546 1035 600 viro
1052 545 1158 600 Thome
1173 545 1295 600 Haward
1307 545 1371 600 duci
1385 545 1413 599 N
1414 544 1527 599 orloloie

438 653 549 690 summo
569 636 669 706 Anglie
694 636 850 691 mariscallo
874 635 1071 706 preclarissimi
1095 634 1202 689 ordinis
1227 634 1360 704 gartherii
1385 634 1470 688 militi
1494 638 1528 686 vt

439 729 585 794 cooptetur
609 726 637 778 in
659 725 784 780 ordinem
805 725 1002 794 magistrorum
1026 724 1055 778 iu
1077 722 1187 778 artibus
1208 725 1248 777 sic
1269 728 1301 777 vt
1321 740 1378 777 non
1402 726 1528 776 arctetur

360 857 364 866 .
439 812 475 866 ad
494 812 617 882 aliquam
632 814 812 867 acrimoniam
829 812 942 867 solitam
959 811 1099 866 observari
1117 810 1154 864 ab
1171 809 1370 882 incipientibus
1383 811 1411 866 iu
1428 809 1526 865 eadem

439 899 574 954 laetaltate
598 899 646 954 sed
666 905 780 955 tantum
799 899 969 954 admittatur
991 899 1027 954 ad
1048 898 1185 969 placitum
1210 900 1268 953 sive
1293 900 1323 952 in
1347 898 1449 952 scholis
1467 897 1527 952 sive

439 992 519 1042 extra
537 994 567 1042 et
585 988 632 1042 det
649 988 732 1042 fidem
749 988 784 1042 de
800 986 974 1042 observando
988 991 1098 1044 statuta
1112 987 1257 1057 privilegia
1268 990 1297 1040 et
1309 984 1526 1040 consuetudines

441 1077 525 1131 huius
543 1077 737 1130 uniuersitatis
756 1075 926 1147 approbatas

579 1162 730 1218 Admissus
754 1162 851 1217 eodem
875 1163 904 1216 in
929 1179 1039 1215 camera
1062 1163 1202 1232 presentie
1224 1163 1344 1233 Reginae
1368 1163 1525 1217 maiestatis

509 1251 664 1322 stipulante
676 1251 789 1305 domino
798 1249 938 1304 Willelmo
950 1249 1064 1304 Cecillio
1076 1267 1187 1305 summo
1199 1251 1341 1306 academie
1352 1251 1525 1307 cancellario

244 1417 266 1477 1.
284 1417 321 1478 79
336 1440 354 1478 a
368 1427 474 1484 Eadem
487 1427 578 1498 gratia
590 1426 752 1481 conceditur
765 1425 863 1481 eodem
881 1426 1104 1482 honoratissimis
1117 1428 1184 1482 viris
1201 1446 1321 1499 quorum
1333 1429 1448 1483 nomina
1459 1427 1526 1483 sub·

438 1515 600 1570 scribuntur
619 1519 649 1569 et
669 1513 800 1568 similiter
817 1513 933 1569 admissi
952 1517 1028 1570 etin
1047 1515 1144 1571 eodem
1167 1516 1228 1571 loco
1247 1516 1378 1571 dominus
1401 1517 1525 1572 Thomas

438 1604 575 1674 Ratolyffe
592 1619 685 1657 comes
703 1602 832 1658 Sussexie
850 1603 1047 1673 praeclarissimi
1065 1603 1170 1659 ordinis
1185 1605 1318 1674 gartherii
1336 1605 1416 1659 miles
1431 1604 1524 1660 locum

437 1698 537 1767 tenens
548 1691 661 1746 domine
673 1691 767 1760 regine
779 1691 809 1744 in
823 1690 959 1745 Hibernia

367 1781 505 1835 Dominus
517 1777 684 1833 Ambrosius
697 1777 807 1848 Dudley
819 1795 911 1832 comes
924 1778 1035 1834 Varvici
1048 1778 1174 1834 eiusdem
1186 1777 1293 1834 ordinis
1305 1779 1386 1834 miles
1397 1784 1514 1834 auratus

367 1869 505 1924 Dominus
518 1867 671 1922 Edwardus
684 1865 752 1922 Veir
762 1884 855 1921 comes
867 1866 1032 1922 Oroniensis

367 1957 506 2012 Dominus
530 1955 685 2011 Edwardus
709 1956 823 2010 Manere
846 1973 939 2011 comes
968 1957 1119 2011 Rutlaudie
1143 1957 1192 2027 qui
1216 1961 1391 2027 protestatus
1417 1963 1462 2010 ast
1487 1956 1523 2011 de

437 2045 596 2100 obedientia
616 2048 646 2098 et
669 2043 766 2098 debite
789 2061 841 2099 suo
865 2044 894 2098 in
918 2044 1091 2099 academiam
1117 2045 1302 2100 Oxoniensem
1327 2045 1444 2115 integris
1467 2044 1522 2099 sibi

436 2132 581 2188 servandis

366 2221 504 2276 Dominus
517 2218 657 2274 Robertus
670 2219 781 2288 Dudley
794 2219 990 2290 preclarissimi
1005 2220 1110 2276 ordinis
1122 2220 1256 2291 gartherii
1268 2221 1349 2274 miles
1361 2225 1478 2275 auratus
1494 2226 1524 2276 et

437 2310 569 2378 magister
580 2324 684 2378 equum
696 2307 809 2362 domine
823 2309 928 2378 Regina
940 2327 1068 2364 summus
1084 2309 1252 2364 senescallus
1267 2309 1408 2364 academie
1420 2309 1523 2365 (lanta-

435 2396 584 2466 brigiensis

366 2486 505 2541 Dominus
531 2483 685 2538 Edwardus
710 2482 832 2554 Olynton
859 2501 988 2539 summus
1016 2485 1190 2541 Admirallus
1214 2487 1315 2556 Auglie
1339 2492 1370 2540 et
1396 2485 1521 2540 eiusdem

435 2572 541 2628 ordinis
559 2571 640 2626 miles
657 2575 775 2626 auratus

365 2662 504 2716 Dominus
528 2660 570 2714 W.
598 2657 720 2713 Haward
744 2658 867 2713 eiusdem
893 2659 999 2714 ordinis
1023 2664 1052 2714 et
1077 2677 1195 2730 magnus
1214 2661 1382 2716 camerarius
1402 2661 1523 2731 Reginae

436 2748 593 2803 maiestatis

365 2839 503 2893 Dominus
514 2837 653 2891 Henricus
662 2835 758 2890 (laren
769 2834 900 2890 dominus
911 2836 1057 2892 Hunsdem
1066 2837 1192 2892 eiusdem
1201 2837 1307 2891 ordinis
1316 2837 1396 2892 miles
1405 2842 1522 2891 auratus

365 2925 521 2981 Willelmus
534 2925 627 2996 Cecyll
643 2924 793 2995 primarius
809 2926 975 2979 secretarius
991 2926 1073 2980 milas
1088 2930 1205 2981 auratus
1222 2930 1251 2980 et
1267 2941 1395 2980 summus
1407 2925 1521 2979 Cancel-

435 3013 521 3068 larius
539 3011 680 3066 academie
697 3010 936 3081 Cantabrigiensis

364 3103 462 3157 Frano.
483 3101 599 3156 Kuolles
617 3101 698 3155 miles
715 3106 832 3155 auratus
849 3102 1080 3156 vicecamerarius

363 3191 487 3245 Thomas
505 3187 659 3257 Hennedge
677 3188 797 3258 armiger

362 3279 507 3334 iohannes
525 3276 647 3347 Asheley
665 3277 786 3346 armiger
803 3277 938 3346 magister
956 3282 1186 3331 ornamentorum

364 3367 500 3422 Ricardus
513 3365 642 3422 Barthew
654 3366 774 3436 armiger
783 3369 812 3420 et
822 3366 941 3420 maritus
952 3365 1062 3421 ducisse
1072 3366 1226 3421 Suthfolcie
1236 3365 1281 3419 hic
1293 3365 1369 3419 solus
1380 3363 1522 3419 admissus

433 3458 463 3512 in
476 3473 548 3510 nova
559 3455 666 3526 capella
1215 3465 1219 3471 ·

363 3544 406 3598 W.
425 3543 518 3599 Oooke
536 3544 657 3612 armiger

363 3631 414 3688 Ed.
436 3632 528 3687 Cooke
544 3630 666 3700 armiger

363 3719 534 3775 Conceditur
544 3717 643 3772 eodem
655 3717 789 3786 magistro
803 3716 928 3771 Latimer
942 3715 1047 3770 decano
1065 3714 1287 3785 petriburgensis
1303 3714 1416 3769 ecclesie
1427 3714 1521 3769 osthe-

432 3805 518 3861 dralis
542 3810 572 3860 et
595 3804 734 3858 sacellano
758 3809 787 3858 et
812 3804 911 3860 elerico
936 3805 1050 3859 oratorii
1074 3803 1186 3858 domine
1212 3803 1317 3874 Regina
1338 3807 1369 3857 vt
1393 3803 1522 3857 studium

434 3901 467 3950 12
491 3911 628 3949 annorum
650 3893 679 3946 iu
699 3892 837 3963 theologia
855 3898 1006 3964 postquam
1024 3893 1128 3947 rexerit
1152 3892 1181 3946 in
1199 3891 1310 3946 artibus
1327 3909 1392 3946 oum
1411 3890 1522 3946 duobus

432 3981 607 4038 sermonibus
620 3999 675 4036 vno
690 3986 757 4035 ante
775 3981 926 4051 Regineam
945 3981 1121 4036 maiestatem
1134 3986 1164 4035 et
1181 3980 1270 4034 altero
1286 3979 1323 4034 ad
1334 3997 1445 4034 crucem
1461 3978 1522 4034 divi

434 4071 513 4126 Pauli
525 4070 646 4124 sufficiat
658 4070 684 4124 ei
694 4069 730 4124 ad
742 4070 933 4140 incipiendum
943 4069 973 4123 in
986 4087 1064 4124 sacra
1073 4069 1213 4140 theologia
1225 4069 1306 4123 sicvt
1318 4068 1379 4122 eius
1387 4067 1522 4122 admissio

432 4163 490 4213 stet
501 4159 527 4212 ei
540 4175 590 4228 pro
597 4156 744 4226 completis
756 4155 844 4226 gradu
856 4160 885 4211 et
897 4157 988 4210 forma
996 4154 1158 4210 doctoratus
1168 4155 1198 4209 in
1210 4155 1307 4210 eadem
1337 4155 1521 4210 Preseutatus

432 4246 530 4302 eodem
542 4263 592 4316 per
603 4245 745 4299 doctorem
759 4245 847 4314 Porye

362 4335 532 4392 Conceditur
544 4333 640 4388 eodem
652 4333 695 4387 Jo.
709 4332 726 4386 J
729 4349 796 4387 ones
809 4337 840 4387 vt
853 4331 981 4387 studium
993 4332 1043 4387 viii
1056 4349 1193 4386 annorum
1207 4333 1236 4386 in
1249 4331 1388 4387 medicina
1399 4330 1523 4386 sufficiat

432 4424 457 4477 ei
470 4421 506 4478 ad
518 4421 731 4493 practicandum
744 4421 774 4474 in
786 4421 882 4475 eadem
895 4421 1030 4476 facultate
1042 4421 1082 4475 sie
1095 4425 1125 4476 vt
1141 4421 1202 4475 eius
1213 4421 1334 4476 eruditio
1350 4417 1524 4492 approbetur
