3344 5110
254 353 419 440 1546-47]
508 321 512 328 .
688 371 802 420 casos
825 371 918 420 noos
942 370 964 419 Δ

580 888 631 953 De
654 888 839 953 doctoribus
862 888 896 951 in
919 887 1081 973 theologia

253 1065 407 1137 Inprimis
428 1065 590 1120 conceditur
611 1065 746 1136 magistro
767 1063 831 1136 Byll
851 1065 958 1134 collegii
977 1064 1044 1120 Diui
1062 1064 1201 1120 lobannis
1219 1064 1360 1136 preposito
1377 1069 1409 1119 vt

321 1153 448 1209 studium
466 1153 585 1208 duorum
600 1171 738 1208 annorum
755 1152 785 1207 in
803 1152 943 1222 theologia
960 1157 1024 1224 post
1039 1152 1101 1207 eius
1112 1153 1260 1208 introitum
1277 1153 1306 1206 in
1324 1152 1410 1208 libros

322 1241 526 1297 'sententiarum
544 1259 609 1296 cum
627 1239 738 1296 duobus
755 1240 931 1296 sermonibus
949 1259 1004 1294 vno
1024 1241 1060 1296 ad
1082 1242 1187 1296 clerum
1208 1242 1409 1297 examinatorio

322 1336 388 1385 ante
403 1331 465 1386 eius
480 1329 679 1385 admissionem
695 1330 784 1384 altero
799 1330 837 1385 ad
853 1347 963 1385 crucam
982 1330 1061 1385 Pauli
1078 1330 1200 1385 sufficiat
1217 1331 1243 1385 ci
1258 1330 1296 1386 ad
1312 1331 1409 1402 incipi-

323 1419 427 1474 endum
445 1419 475 1474 in
493 1419 590 1474 eadem
608 1419 744 1474 facultate

253 1507 327 1562 Item
350 1507 512 1563 conceditur
530 1507 621 1562 eidem
643 1512 675 1560 vt
698 1523 790 1562 sermo
813 1506 849 1561 ad
871 1507 976 1561 clerum
997 1506 1139 1577 adquam
1164 1509 1277 1561 tenetur
1300 1506 1410 1561 racione

322 1595 424 1666 godus
443 1595 689 1650 bacchalaureatus
707 1595 811 1650 differri
830 1595 920 1666 possit
956 1595 1003 1649 lta
1019 1595 1094 1666 quod
1111 1596 1161 1650 fiat
1174 1596 1234 1650 siue
1247 1597 1275 1650 in
1288 1597 1410 1650 termino

325 1683 386 1738 siue
398 1691 477 1738 extra
489 1683 642 1738 terminum
655 1683 727 1736 citra
738 1683 842 1737 festum
856 1681 960 1736 Pascha

256 1770 329 1825 Item
348 1772 511 1827 conceditur
528 1771 662 1842 magistro
681 1771 802 1841 Brygges
821 1777 853 1824 vt
870 1769 996 1824 studium
1016 1770 1103 1824 trium
1121 1787 1259 1825 annorum
1282 1771 1310 1824 in
1332 1787 1411 1824 sacra

323 1857 462 1928 theologia
485 1861 550 1928 post
573 1857 633 1911 eius
654 1856 803 1910 introitum
823 1857 852 1910 iu
874 1855 960 1909 libros
983 1856 1188 1910 sententiarum
1213 1873 1277 1911 curn
1302 1854 1411 1911 duobus

323 1943 498 1998 sermonibus
517 1959 573 1997 vno
592 1941 630 1997 ad
648 1942 752 1997 clerum
774 1941 863 1998 allero
883 1941 919 1996 ad
941 1959 1051 1996 crucem
1078 1941 1156 1996 Pauli
1181 1942 1302 1996 sufficiat
1324 1943 1351 1997 ei
1374 1941 1411 1997 ad

323 2030 515 2102 incipiendum
533 2031 563 2084 in
580 2028 678 2084 eadem
696 2027 832 2082 facultate

253 2117 327 2172 Item
344 2118 507 2173 conceditur
521 2116 656 2187 magistro
672 2116 757 2170 Skott
773 2119 805 2170 vt
823 2114 950 2170 studium
966 2115 1053 2170 trium
1069 2133 1209 2171 annorum
1226 2117 1255 2172 in
1273 2117 1412 2188 theologie

323 2211 388 2277 post
399 2207 460 2262 eius
472 2206 621 2261 introitum
638 2205 667 2260 in
680 2203 777 2260 eadem
794 2221 859 2259 cum
875 2203 985 2259 duobus
1001 2204 1177 2260 sennonibus
1189 2223 1243 2260 vno
1256 2205 1291 2260 ad
1305 2206 1409 2261 clerum

324 2294 526 2350 examinatorio
541 2298 608 2348 ante
620 2294 681 2348 eius
696 2291 896 2348 admissionem
911 2291 1001 2347 altero
1016 2292 1052 2347 ad
1069 2309 1179 2347 crucem
1198 2293 1277 2348 Pauli
1289 2293 1411 2348 sufficiat

323 2382 348 2438 ei
361 2383 396 2438 ad
410 2381 601 2454 incipiendum
614 2381 643 2434 In
656 2397 736 2434 sacra
748 2379 887 2449 theologia

253 2471 328 2526 Item
340 2471 502 2526 conceditur
515 2470 605 2524 eidem
622 2473 654 2524 vt
669 2469 758 2540 possit
775 2467 909 2523 hodierno
925 2467 971 2523 die
986 2468 1101 2523 admitti
1117 2468 1154 2523 ad
1170 2469 1362 2540 incipiendum
1379 2469 1408 2524 in

323 2575 403 2612 sacra
422 2556 561 2626 theologia
582 2573 638 2610 non
659 2555 791 2610 obstante
811 2554 887 2625 quod
909 2572 965 2610 non
986 2555 1169 2610 concionatus
1189 2561 1232 2612 est
1253 2573 1409 2612 sermonem

323 2662 407 2700 suum
423 2643 656 2700 examinatorium
672 2660 757 2714 quem
773 2641 988 2698 concionaturus
1003 2646 1048 2697 est
1063 2643 1137 2697 infra
1149 2647 1271 2713 quatuor
1282 2643 1342 2698 dies
1356 2642 1409 2698 sub

323 2749 396 2804 pena
411 2731 552 2787 concionis
572 2730 655 2784 realis
673 2729 711 2784 xl*
726 2728 853 2801 ponende
870 2729 899 2783 in
918 2729 1049 2784 manibus
1068 2729 1175 2787 domini
1193 2731 1408 2786 vicecancellarii

323 2825 391 2874 ante
412 2818 473 2873 eius
497 2817 695 2872 admissionem
719 2821 813 2887 preter
843 2815 923 2871 illum
948 2833 1104 2871 sermonem
1128 2816 1165 2871 ad
1189 2835 1273 2889 quem
1297 2823 1410 2874 tenetur

323 2909 433 2962 racione
453 2906 557 2977 gadars
577 2904 825 2960 bacchsleureatus
849 2907 879 2960 in
903 2905 1042 2977 theologia
1063 2924 1147 2977 quem
1171 2908 1257 2962 etiarn
1282 2908 1409 2964 dicturus

322 3005 366 3052 est
383 2997 455 3050 citra
472 2994 617 3050 commitis
633 2995 761 3065 proxima

253 3086 327 3141 ltem
339 3083 500 3140 conceditur
511 3083 603 3138 mdem
618 3081 754 3154 superiori
766 3081 812 3136 die
824 3080 947 3136 admisso
959 3089 991 3136 vt
1003 3081 1099 3136 concio
1111 3081 1265 3154 theologica
1276 3083 1312 3138 ad
1324 3101 1408 3155 quem

324 3174 385 3244 (sic)
404 3176 519 3228 tenetur
535 3171 647 3226 racione
667 3171 770 3242 gradm
787 3169 1035 3227 bacchalameatus
1052 3172 1176 3243 suscepti
1197 3172 1301 3228 differri
1319 3174 1409 3245 possit

323 3263 364 3316 sic
381 3260 457 3332 quod
474 3260 525 3315 fiat
542 3261 573 3315 in
591 3260 683 3332 prIma
699 3259 840 3315 dominica
857 3259 997 3315 aduentus
1015 3260 1076 3315 sine
1094 3260 1217 3316 alteriori
1235 3261 1371 3317 dilacione

253 3350 327 3406 Item
343 3349 506 3405 conceditur
521 3350 655 3420 magistro
672 3350 749 3422 Ayre
765 3355 797 3404 vt
814 3349 941 3404 studium
960 3351 1048 3404 trium
1066 3367 1205 3404 acinorum
1223 3351 1252 3405 iu
1271 3351 1408 3423 theologia

323 3443 388 3509 post
404 3437 465 3493 aisn
482 3439 631 3493 introitum
648 3438 678 3492 in
696 3437 783 3493 libros
798 3437 1005 3492 sentenciarum
1023 3455 1088 3492 cum
1106 3437 1216 3492 duobus
1234 3440 1408 3496 sermonibus

323 3543 378 3580 vno
401 3525 436 3580 ed
458 3525 563 3580 clerum
587 3525 788 3580 examinatorio
811 3530 878 3580 ante
901 3523 1101 3582 admissionem
1127 3525 1215 3580 altero
1238 3525 1274 3581 ad
1298 3544 1408 3584 crucem

325 3614 404 3669 Pauli
420 3613 541 3668 sufficiat
557 3613 582 3667 si
600 3612 636 3668 ad
651 3613 843 3684 incipiendum
859 3613 888 3666 in
906 3611 1003 3667 eadem
1020 3612 1153 3667 facultate

253 3701 361 3758 Eadem
379 3701 471 3773 gratia
487 3701 523 3756 de
540 3701 624 3756 verbo
642 3703 672 3757 iu
690 3701 807 3757 verbum
825 3700 988 3756 conceditur
1005 3701 1139 3771 magistro
1157 3701 1251 3772 Tonge

252 3790 326 3845 Item
344 3787 506 3844 concedItur
521 3787 637 3843 eiisdcm
654 3796 685 3844 vt
703 3787 818 3843 admitti
834 3788 945 3859 possint
960 3787 996 3842 ad
1016 3786 1152 3858 placitum
1168 3788 1230 3842 siue
1241 3790 1270 3844 in
1287 3791 1408 3845 termino

323 3876 383 3931 siue
405 3880 485 3930 extra
508 3876 661 3930 terminum
684 3875 908 3947 quandocunque
932 3893 981 3946 per
1006 3875 1091 3945 Regio
1115 3876 1271 3931 maiestatis
1295 3880 1408 3948 negocia

322 3962 426 4035 quibus
450 3979 525 4017 nunc
545 3962 616 4016 serio
636 3962 800 4017 detinentur
821 3963 903 4018 liceat
924 3963 1019 4017 venire
1039 3963 1110 4016 citra
1133 3961 1237 4018 festum
1262 3963 1408 4020 Michaelis

322 4050 481 4123 proximum
504 4053 534 4104 et
553 4055 586 4105 vt
609 4067 705 4105 eorum
726 4049 859 4105 admissio
883 4053 941 4105 stet
959 4051 999 4105 eis
1023 4068 1074 4122 pro
1097 4051 1244 4123 completis
1266 4052 1354 4123 gradu
1377 4060 1407 4108 et

323 4140 412 4193 torma
429 4137 592 4192 doctoratus
610 4139 639 4192 in
657 4138 754 4194 eadem
771 4139 905 4194 facultate
924 4139 1057 4209 quoniam
1075 4139 1110 4194 de
1127 4139 1251 4195 adventu
1268 4159 1320 4195 suo
1336 4142 1407 4196 citra

322 4225 467 4280 commitis
483 4225 555 4280 nihil
573 4226 678 4281 audent
696 4226 819 4298 polliceri

252 4317 327 4372 Item
343 4312 506 4368 conceditur
522 4315 657 4385 magistro
669 4315 771 4370 Ponett
784 4323 816 4369 vt
827 4315 954 4370 studium
966 4315 1062 4370 decem
1073 4333 1211 4370 annorum
1227 4317 1256 4371 in
1269 4317 1406 4388 theologia

321 4419 384 4458 cum
407 4419 462 4457 vno
481 4419 608 4458 sermone
628 4401 665 4458 ad
685 4401 791 4458 clerum
811 4401 939 4458 habendo
958 4403 1084 4476 proximo
1104 4421 1178 4459 anno
1201 4403 1254 4460 sub
1276 4423 1347 4477 pena
1368 4408 1406 4464 xl·
