3376 5108
348 365 390 429 86
793 371 906 426 enses
928 371 1020 424 noos
1044 371 1067 420 n
1339 353 1506 440 [1552-53
1675 287 1676 344 ยน

349 535 424 590 ltem
436 531 598 588 comeditur
610 533 709 589 Miloni
722 533 879 605 Blomiylde
891 537 924 588 vt
935 531 1062 588 studium
1072 537 1101 588 ct
1113 532 1237 604 practice
1248 535 1357 603 septem
1369 547 1506 587 annorum

419 620 449 674 in
470 619 617 675 medicinis
635 637 690 675 vua
710 637 773 675 cum
795 619 946 675 anatomiis
970 623 999 674 et
1019 619 1213 674 curacionibus
1236 637 1287 690 per
1305 619 1380 689 regia
1399 621 1510 673 stetute

420 706 564 779 requisitis
584 707 726 762 sufficient
743 707 768 762 ei
787 706 824 761 ad
843 705 1056 778 practicandum
1076 707 1105 761 in
1127 705 1225 762 eedem
1243 705 1377 762 facultate
1412 706 1459 761 Sic
1477 710 1509 760 vt

420 795 481 850 eius
498 794 620 851 eruditio
637 795 716 866 prius
734 794 905 867 approbetur
922 792 1117 866 perductores
1136 793 1238 866 Blythe
1255 801 1285 848 et
1302 792 1417 848 Welker

227 1269 337 1329 istu
678 1267 908 1334 Bacchelaurei
932 1267 966 1331 in
990 1268 1059 1333 iure
1082 1267 1172 1332 ciuili

351 1454 384 1508 In
398 1454 497 1524 primis
509 1452 672 1509 conceditur
682 1453 797 1509 domino
809 1454 895 1524 Wyer
906 1457 938 1507 vt
950 1451 1075 1508 studium
1089 1457 1152 1507 octe
1166 1469 1304 1506 annorum
1316 1451 1346 1506 in
1359 1451 1419 1506 iure
1430 1451 1507 1506 ciuili

420 1560 485 1598 cum
509 1543 639 1598 omnibus
664 1542 803 1598 exercitiis
826 1542 971 1613 requisitis
994 1541 1147 1597 secundum
1169 1541 1288 1596 formam
1312 1542 1414 1596 statuti
1438 1541 1507 1611 regii

420 1629 526 1686 habitis
538 1630 582 1686 vel
596 1629 732 1685 habendis
748 1630 889 1686 sufficiant
905 1631 930 1685 ei
947 1630 983 1685 ad
1000 1630 1114 1701 plenum
1132 1629 1378 1686 bacchelaiueetus
1390 1629 1506 1701 gradum

421 1719 451 1774 in
463 1717 560 1773 codem
575 1717 640 1790 jure

351 1807 425 1861 Item
448 1805 611 1860 conceditur
631 1804 772 1860 Willelmo
791 1805 902 1877 Drurye
922 1811 952 1859 vt
971 1804 1097 1860 studium
1115 1810 1224 1877 septem
1242 1822 1380 1861 annorum
1398 1804 1507 1876 injure

420 1892 497 1948 ciuili
519 1909 575 1947 vna
592 1909 657 1947 cum
675 1892 901 1963 oppositionibus
918 1891 1145 1964 responsionibus
1170 1899 1199 1949 et
1216 1893 1280 1948 aliis
1301 1893 1440 1948 exercitiis
1457 1910 1507 1964 per

420 1983 496 2054 regia
513 1986 623 2038 statute
641 1982 784 2054 requisitis
802 1983 944 2038 sufficient
962 1983 986 2037 ei
1005 1983 1041 2038 ed
1060 1983 1223 2038 intrandum
1242 1983 1270 2038 in
1289 1982 1385 2037 eodem
1401 1981 1464 2052 jure

350 2070 456 2125 Eadem
469 2068 560 2139 gretie
572 2067 607 2123 de
619 2067 703 2122 verbo
715 2068 745 2122 iu
757 2067 875 2124 verbum
888 2067 1050 2124 conceditur
1060 2068 1078 2122 J
1080 2069 1164 2124 oanni
1178 2068 1267 2124 Haste

351 2159 424 2214 Item
437 2156 599 2213 conceditur
607 2157 764 2214 eiisdemvt
776 2158 885 2214 intrent
896 2157 945 2213 sed
957 2157 1061 2229 selega
1073 2165 1105 2213 vt
1115 2158 1262 2230 perficiant
1272 2159 1366 2213 omnia
1374 2158 1507 2212 exercitia

420 2248 537 2302 statutis
555 2247 638 2318 regiis
656 2247 792 2318 requisita
809 2246 864 2302 sub
883 2263 956 2318 pene
974 2247 1113 2302 cautionis
1134 2245 1167 2300 1ยนยน
1188 2247 1260 2301 citra
1278 2245 1382 2301 festum
1402 2247 1504 2301 natalis

421 2333 536 2389 Domini
554 2335 713 2406 proximum

753 2815 902 2900 Magistri
925 2815 1107 2882 inertibus

351 3003 386 3060 In
398 3004 497 3076 primis
509 3002 672 3058 conceditur
687 3003 705 3058 J
707 3002 791 3058 cenni
809 3001 936 3056 Redman
953 3002 1058 3057 artium
1075 3002 1223 3075 professori
1240 3003 1355 3058 Oxoniis
1367 3007 1399 3057 vt
1411 3003 1449 3057 sit
1461 3002 1507 3058 hic

420 3090 495 3162 apud
515 3107 564 3144 voe
584 3091 614 3144 in
633 3089 730 3145 eodem
748 3089 838 3160 gradu
859 3088 955 3144 ordine
973 3095 1003 3144 et
1020 3107 1094 3144 enno
1117 3090 1222 3162 quibus
1240 3091 1332 3147 iuerat
1355 3089 1457 3146 ibidem
1478 3095 1507 3145 et

421 3195 506 3249 super
517 3177 569 3232 hec
582 3177 758 3232 concessione
773 3175 876 3232 habeat
889 3176 984 3232 literas
1000 3177 1136 3248 sigillatas
1153 3178 1244 3248 sigillo
1260 3184 1353 3234 vestro
1364 3177 1507 3233 communi

420 3266 445 3320 si
463 3265 582 3320 voluerit

351 3354 425 3410 Item
444 3352 605 3408 conceditur
622 3352 736 3407 domiuo
754 3352 913 3423 Stevynson
933 3359 963 3408 vt
981 3371 1080 3409 novem
1098 3355 1213 3410 termini
1234 3359 1299 3426 post
1316 3354 1427 3410 finalem
1447 3356 1508 3410 eius

420 3441 683 3498 detennincticnem
708 3440 738 3494 iu
762 3437 866 3510 quibus
890 3440 1023 3496 lectiones
1050 3443 1204 3498 ordinaries
1227 3442 1338 3499 crrdiuit
1361 3443 1427 3498 licet
1450 3461 1507 3498 non

421 3531 535 3586 omnino
546 3528 701 3585 secundum
713 3528 832 3583 formam
845 3529 948 3584 statuti
960 3547 1025 3584 cum
1041 3531 1265 3602 oppositionibus
1281 3531 1507 3602 responsionibus

420 3625 449 3674 et
463 3616 716 3674 declamationibus
733 3622 762 3671 et
778 3615 842 3671 aliis
858 3616 997 3672 exercitiis
1014 3635 1065 3689 per
1076 3619 1151 3689 regia
1167 3623 1278 3674 statuta
1293 3618 1437 3689 requisitis
1449 3618 1506 3673 suf-

421 3705 518 3759 ficient
529 3703 554 3759 ei
567 3703 602 3758 ed
616 3701 806 3774 incipiendum
819 3702 849 3757 in
862 3702 971 3758 artibus

349 3791 456 3848 Eadem
469 3793 561 3863 gratia
572 3791 608 3847 de
620 3790 705 3846 verbo
718 3791 746 3844 in
760 3789 876 3845 verbum
890 3790 1053 3846 conceditur
1060 3791 1183 3848 dominis
1192 3792 1336 3848 Goodmen
1349 3795 1379 3846 et
1389 3791 1507 3847 Nestou

350 3880 424 3935 Item
442 3879 605 3935 conceditur
624 3878 738 3933 domino
756 3878 822 3948 May
836 3883 868 3932 vt
883 3895 984 3933 novem
1002 3880 1116 3934 termini
1133 3885 1197 3951 post
1213 3880 1323 3936 findam
1342 3881 1403 3935 eius
1416 3879 1508 3936 deter-

420 3968 604 4023 minationem
616 3983 681 4021 cum
693 3966 826 4021 omnibus
837 3967 978 4021 exercitiis
990 3967 1144 4022 secundum
1156 3969 1232 4039 regie
1243 3972 1353 4023 statuta
1365 3967 1508 4039 requisitis

419 4056 560 4112 sufficiant
572 4056 596 4111 ei
610 4055 646 4110 ad
658 4054 849 4127 incipiendum
862 4055 892 4110 in
904 4055 1014 4110 artibus

349 4145 456 4200 Eadem
468 4146 560 4216 gratie
571 4144 606 4199 de
619 4142 703 4198 verbo
715 4144 744 4198 in
758 4143 876 4198 verbum
888 4145 1051 4201 conceditur
1059 4145 1181 4201 dominis
1190 4145 1301 4219 Thorpe
1313 4151 1342 4201 et
1355 4145 1507 4202 Harwerde

350 4233 423 4288 Item
435 4232 598 4287 conceditur
609 4231 724 4286 domiuo
736 4231 825 4286 Burro
840 4237 872 4285 vt
888 4248 989 4286 novem
1005 4233 1120 4288 termini
1136 4236 1201 4304 poet
1216 4233 1329 4288 finalem
1341 4233 1401 4288 eius
1417 4232 1507 4289 deter-

419 4319 604 4375 minationem
622 4318 651 4372 in
668 4316 772 4388 quibus
790 4317 923 4374 lectiones
939 4317 1095 4376 ordinarias
1110 4320 1222 4377 audiuit
1238 4321 1304 4377 licet
1320 4338 1377 4376 non
1393 4321 1507 4377 omnino

418 4406 572 4462 secundum
585 4406 705 4461 formam
722 4407 825 4461 statuti
842 4423 897 4460 vna
913 4424 978 4462 eum
994 4407 1218 4478 oppositionibus
1234 4407 1461 4480 responsionibus
1477 4413 1507 4463 et
