3394 5114
203 324 366 406 1563-64]
636 339 750 388 urraca
773 338 865 386 soon
888 338 911 384 Δ
1296 327 1357 389 183

272 501 302 552 et
325 497 502 551 examinetur
521 515 570 568 per
593 498 664 552 duos
687 497 815 552 doctores
838 497 963 551 eiusdem
987 497 1131 552 facultatis
1150 501 1179 550 ct
1200 515 1250 568 par
1271 515 1356 551 vnum

271 603 367 640 eorum
390 591 570 656 presentetur
594 593 622 641 et
643 603 727 656 super
750 586 803 639 hac
824 589 918 639 vestra
941 585 1118 639 concessione
1138 585 1234 640 literas
1254 583 1358 638 babeat

270 673 407 744 sigillatas
428 673 519 744 sigillo
539 679 631 729 vestro
650 673 792 728 communi
830 673 1011 727 Presentatus
1029 673 1126 728 eodem
1145 690 1194 743 per
1214 672 1354 727 doctorem

271 761 385 816 Walksr

200 917 370 972 Conceditur
392 919 490 990 xxviij⁰
511 921 618 991 Aprilis
638 920 792 976 reuerendo
812 920 842 974 in
864 920 978 974 Christo
999 920 1074 991 patri
1095 919 1246 976 Edmundo
1267 913 1386 974 Petri-f.
1404 912 1475 970 7911

271 1005 401 1076 burgensi
418 1007 548 1078 episcopo
560 1012 592 1062 vt
604 1007 730 1062 studium
748 1008 784 1077 xij
803 1025 940 1062 annorum
958 1008 988 1062 in
1005 1008 1144 1078 theologia
1158 1011 1222 1079 post
1236 1007 1354 1078 gradum

271 1093 447 1150 bachalaurei
466 1095 495 1148 in
515 1095 613 1150 eadem
632 1095 768 1150 facultate
789 1101 951 1165 susceptum
968 1112 1033 1150 cum
1053 1095 1162 1150 duobus
1178 1094 1355 1150 sermonibus

270 1198 325 1236 vno
342 1181 378 1236 ad
395 1182 499 1236 clsnrm
512 1182 601 1236 altero
618 1182 654 1237 ad
671 1199 781 1236 crucem
798 1182 877 1236 Pauli
898 1182 1074 1252 perficiendis
1086 1183 1160 1238 inira
1171 1201 1277 1238 annum
1290 1188 1354 1254 post

269 1269 330 1324 eius
342 1268 540 1324 admissionem
553 1268 606 1324 sub
618 1287 691 1340 pena
702 1268 747 1339 vjl¹
759 1269 953 1340 ponendorum
963 1271 992 1324 in
1002 1270 1133 1325 manibus
1141 1277 1353 1342 procuratorum

269 1361 336 1411 aute
347 1357 408 1410 eius
419 1355 620 1410 admissionem
632 1356 754 1410 sufficiat
770 1357 795 1411 ei
812 1355 848 1410 ad
866 1357 1056 1427 incipiendum
1074 1358 1103 1412 in
1120 1375 1199 1412 sacra
1214 1358 1353 1428 theologia

271 1445 312 1498 its
331 1449 362 1498 vt
381 1445 471 1515 possit
491 1443 604 1498 admitti
624 1444 660 1498 ad
679 1443 815 1514 placitum
837 1461 854 1498 a
874 1443 987 1500 domino
1007 1445 1222 1514 procanoellario
1239 1445 1299 1499 siva
1316 1445 1353 1500 ab

271 1529 365 1602 aliquo
377 1531 489 1586 doctore
501 1531 531 1585 in
543 1531 640 1586 eadem
653 1531 788 1586 facultate
800 1531 837 1585 ab
849 1548 881 1584 co
890 1530 1048 1586 substituto
1057 1531 1116 1586 sive
1125 1533 1155 1585 io
1164 1532 1285 1586 termino
1294 1533 1353 1586 sive

211 1651 214 1658 Δ
269 1623 349 1674 extra
365 1619 517 1672 torminum
534 1619 574 1672 sio
590 1622 624 1672 ut
638 1619 699 1672 cius
715 1617 850 1672 admissio
865 1623 922 1672 stet
940 1619 966 1672 ci
984 1637 1035 1689 pro
1053 1619 1200 1690 completis
1217 1618 1306 1689 gradu
1323 1624 1353 1672 et

270 1707 360 1762 forma
372 1707 413 1761 ita
420 1713 515 1762 tamon
526 1714 557 1760 vt
564 1707 721 1762 satisfaciat
729 1707 869 1762 officiariis
877 1708 1069 1777 (concionatus
1077 1712 1122 1762 est
1130 1725 1180 1778 per
1188 1707 1352 1777 magistrum

272 1795 351 1848 Hues
362 1798 380 1847 8
393 1793 458 1849 Dec,
472 1795 569 1866 marq.)

341 1880 491 1936 Admissus
515 1879 678 1950 Petriburgo
700 1889 730 1934 1⁰
753 1879 884 1936 Octobris
904 1885 972 1937 1564
996 1899 1046 1953 per
1069 1880 1227 1936 Johsnnem
1252 1881 1353 1938 Stokas

410 1987 488 2024 sacra
508 1969 645 2040 theologia
667 1969 851 2039 professorem
875 1971 906 2024 in
929 1969 1072 2040 presentia
1092 1969 1136 2024 lo.
1159 1969 1352 2041 Mcwustevyn

410 2056 515 2129 publici
529 2057 631 2113 notarii
645 2056 774 2112 Nioholai
788 2057 901 2129 Murrey
913 2056 1089 2129 prebendarii
1098 2056 1232 2112 Willelmi
1245 2057 1353 2113 Bruker

412 2143 524 2200 Ricardi
538 2144 633 2215 Millys
646 2143 787 2215 Radulphi
801 2145 874 2199 Bent
885 2145 1048 2199 clericorum
1059 2148 1112 2202 etc.
