3376 5108
203 379 370 465 1560-61]
640 397 753 446 oulen
775 398 869 447 soon
890 399 914 446 Δ

573 785 728 850 Doctores
750 784 785 849 in
808 784 879 848 iure
902 784 990 850 civili

203 975 373 1032 Conceditur
394 980 428 1031 14
448 977 593 1032 Februarii
614 979 749 1050 magistro
769 977 922 1033 Acirworth
941 981 974 1032 vt
993 977 1119 1034 studium
1139 982 1156 1031 t
1174 993 1311 1031 annorum
1329 976 1359 1030 in

274 1067 333 1120 iure
353 1066 428 1120 civili
453 1070 604 1138 postquem
628 1067 731 1120 rexerit
751 1067 781 1120 in
805 1065 916 1122 artibus
939 1083 1004 1120 cum
1028 1083 1084 1120 vns
1106 1065 1284 1136 responsione
1308 1064 1360 1118 hoc

274 1154 436 1208 torminosi
452 1153 541 1208 alters
553 1155 582 1208 in
600 1155 734 1225 vesperiis
752 1155 930 1209 comitiorum
947 1158 976 1208 et
988 1153 1051 1208 aliis
1067 1152 1206 1207 exercitiis
1219 1169 1270 1223 per
1285 1153 1360 1222 regia

274 1246 383 1296 statuta
395 1242 539 1312 requisitis
551 1243 672 1298 sufficiet
684 1243 709 1296 si
722 1242 758 1297 ad
772 1241 963 1312 incipiendum
975 1242 1005 1295 in
1017 1240 1113 1295 eodem
1127 1240 1187 1294 iure

203 1328 373 1384 Conceditur
390 1333 424 1385 26
444 1329 587 1385 Februarii
604 1331 740 1400 magistro
758 1330 832 1402 Glyu
851 1337 883 1384 vt
900 1330 1035 1385 admissio
1051 1330 1112 1384 cius
1130 1334 1214 1384 antea
1231 1329 1307 1384 fucta
1324 1329 1361 1384 sd

273 1419 464 1490 incipiendum
477 1420 507 1474 in
519 1419 660 1475 medicine
671 1420 792 1474 sufficiet
804 1419 829 1474 si
845 1436 896 1490 pro
912 1419 1058 1490 completis
1074 1419 1162 1489 gradu
1174 1421 1203 1473 et
1214 1418 1305 1473 forme
1320 1419 1362 1473 ita

273 1511 369 1559 tamen
383 1511 413 1558 vt
429 1505 595 1574 convivetur
610 1505 764 1560 secundum
781 1523 887 1560 morem
904 1505 1065 1560 achademic
1082 1511 1113 1559 ct
1128 1505 1268 1559 officiariis
1279 1505 1360 1559 satis-

273 1592 359 1646 icciat
374 1591 428 1647 snb
441 1609 514 1663 pens
530 1591 563 1646 ¹¹¹
580 1593 609 1647 in
628 1591 760 1648 menibus
772 1597 984 1663 procuratorum
1001 1593 1193 1663 ponendorum
1209 1597 1361 1663 antequem
1402 1604 1404 1612 ·

274 1679 385 1734 fruetur
403 1679 455 1734 hac
473 1681 565 1750 gratis
585 1681 692 1750 (omnis
711 1681 818 1751 peregit
837 1682 937 1753 usurp.)

544 2047 773 2112 Bacchaleurei
797 2047 831 2111 in
856 2047 1020 2132 theologia
1371 2061 1391 2119 f.
1409 2061 1444 2120 61
1457 2081 1475 2118 s

203 2241 373 2298 Conceditur
391 2247 421 2297 11
440 2242 571 2298 Octobris
587 2242 722 2313 magistro
741 2242 840 2314 Lnkyn
857 2247 889 2295 vt
904 2241 1031 2297 studium
1048 2247 1064 2296 5
1079 2259 1218 2297 annorum
1236 2243 1265 2297 in
1282 2243 1359 2298 theo

274 2331 346 2400 logis
358 2336 509 2402 postquam
525 2331 629 2386 rexerit
640 2331 670 2385 in
686 2329 796 2386 artibus
812 2348 876 2385 cum
893 2329 1117 2402 oppositionibus
1133 2332 1361 2402 responsionibus

273 2419 449 2473 sermonibus
470 2423 499 2472 st
519 2418 582 2473 eliis
606 2418 747 2472 exercitiis
766 2435 817 2488 per
841 2418 928 2488 Regis
945 2422 1056 2472 statuta
1075 2420 1220 2489 requisitis
1239 2421 1360 2476 sufficiat

273 2506 299 2561 ei
312 2511 371 2562 tom
384 2507 421 2562 ed
432 2507 630 2579 opponendum
642 2525 727 2578 quam
741 2506 777 2561 od
790 2505 953 2561 intrandum
966 2507 995 2561 in
1008 2524 1087 2561 secra
1098 2507 1237 2579 theologia

203 2593 309 2650 Eadem
332 2597 424 2667 gratia
447 2596 610 2652 conceditur
630 2601 665 2651 22
687 2595 855 2651 Novembris
875 2597 1010 2666 magistro
1030 2595 1153 2668 Jcffraye
1176 2614 1241 2652 cum
1265 2598 1360 2654 studio

273 2685 289 2739 7
307 2699 445 2738 annorum
464 2689 494 2738 et
511 2683 646 2754 magistro
664 2682 789 2737 Johsnni
810 2681 970 2754 Pylkynton

203 2769 309 2826 Eadem
329 2772 422 2842 gratia
439 2771 602 2828 conceditur
621 2776 655 2826 28
680 2771 777 2826 Martii
797 2772 932 2842 magistro
952 2771 1095 2826 Leonas-do
1114 2771 1275 2845 Pylkynton
1294 2791 1359 2830 cum

273 2860 368 2916 studio
386 2865 420 2916 10
437 2879 575 2917 annorum

202 2947 372 3005 Conceditur
391 2954 424 3005 18
441 2950 548 3023 Aprilis
564 2951 698 3021 magistro
717 2949 836 3004 Newton
853 2953 885 3002 vt
902 2947 1028 3003 studium
1046 2953 1217 3006 bannorum
1234 2952 1264 3006 in
1280 2937 1357 3007 theo-

273 3038 346 3110 logis
357 3045 507 3110 postquam
522 3041 625 3095 rexerit
641 3040 671 3094 in
688 3037 798 3094 artibus
814 3055 879 3092 cum
895 3037 1119 3109 oppositionibus
1134 3041 1313 3110 responsione
1329 3041 1359 3096 in

272 3127 319 3182 die
335 3128 514 3183 comitiorum
532 3129 722 3200 proximorum
741 3124 916 3181 sermonibus
933 3131 963 3180 et
980 3125 1044 3180 aliis
1060 3127 1199 3183 exercitiis
1217 3147 1268 3200 per
1284 3131 1360 3201 regia

273 3220 383 3271 ststuts
406 3217 549 3287 requisitis
573 3216 749 3288 perficiendis
773 3215 846 3270 inire
869 3231 977 3269 annum
998 3221 1063 3285 post
1081 3216 1142 3270 eius
1160 3218 1359 3274 admissionem

273 3302 327 3357 sub
340 3321 413 3375 pena
430 3304 530 3374 viginti
547 3321 705 3358 marcarum
722 3302 851 3374 ponende
867 3303 896 3356 in
915 3301 1047 3357 menibus
1062 3309 1275 3374 procuratorum
1293 3311 1360 3363 ente

272 3391 333 3446 sius
344 3392 542 3446 admissionem
553 3391 675 3447 sufficiet
686 3393 711 3446 ei
721 3395 781 3445 tem
793 3392 829 3446 ad
839 3390 1037 3462 opponendum
1049 3409 1134 3462 quam
1146 3394 1182 3448 ad
1195 3395 1359 3452 intrandum

272 3479 302 3532 in
318 3496 398 3534 secra
414 3479 553 3550 theologia
589 3478 739 3533 Admissus
755 3481 790 3532 28
806 3478 824 3533 J
827 3479 886 3532 unii
903 3479 1010 3548 (omnia
1021 3481 1128 3551 peregit
1139 3487 1242 3552 prester
1254 3501 1358 3540 sermo·

273 3584 338 3622 nem
350 3567 386 3623 ad
398 3568 505 3622 clerum
517 3567 567 3637 qui
579 3566 709 3622 differtur
721 3583 806 3637 quem
818 3571 916 3636 postca
928 3567 1035 3636 peregit
1047 3569 1146 3641 scarp.)

202 3653 372 3710 Conceditur
393 3659 427 3710 23
446 3654 525 3709 Junii
545 3655 680 3726 magistro
699 3653 759 3708 Bell
778 3657 810 3708 vt
827 3652 954 3708 studium
974 3659 991 3710 6
1013 3672 1149 3710 annorum
1169 3657 1199 3711 in
1221 3657 1359 3731 theologia

272 3748 423 3814 postquem
442 3743 545 3798 rexerit
561 3743 590 3797 in
609 3741 718 3797 artibus
734 3759 799 3796 cum
817 3741 1041 3812 oppositionibus
1059 3744 1286 3814 responsionibus
1303 3765 1358 3802 ser-

272 3831 404 3886 monibus
424 3835 454 3886 et
474 3831 538 3886 eliis
561 3831 701 3886 exercitiis
724 3847 775 3900 per
793 3830 869 3900 regia
887 3834 998 3884 statuis
1018 3831 1163 3901 requisitis
1183 3835 1359 3904 perficiendis

272 3917 345 3972 infra
357 3935 464 3973 annum
476 3923 542 3990 post
555 3919 616 3972 cius
630 3917 828 3972 admissionem
845 3915 899 3970 sub
915 3934 988 3988 pens
999 3916 1044 3987 vj¹¹
1059 3918 1130 3989 xiijs
1145 3919 1213 3991 iiijd
1229 3923 1359 3993 ponenda

272 4007 302 4061 in
326 4007 458 4062 manibus
481 4011 695 4080 procuratorum
714 4011 781 4061 ante
802 4006 863 4060 eius
886 4005 1085 4062 admissionem
1108 4009 1230 4065 sufficiet
1248 4014 1274 4067 ei
1298 4017 1358 4069 tam

272 4094 309 4149 ed
326 4095 524 4166 opponendum
542 4112 628 4166 quum
647 4093 683 4148 ad
701 4091 867 4148 intrandum
885 4093 915 4147 in
933 4111 1012 4148 secra
1028 4094 1168 4172 theologis

202 4181 308 4237 Eadem
320 4183 412 4253 grstia
423 4181 586 4238 conceditur
596 4181 693 4237 eodem
705 4181 841 4252 magistro
854 4181 948 4237 Fullsr
959 4199 1024 4237 cum
1039 4183 1135 4238 studio
1146 4189 1163 4238 t
1175 4203 1313 4244 ennomm
1329 4197 1359 4246 et

272 4271 357 4325 simili
370 4289 443 4342 pena
478 4270 604 4325 Admissi
618 4268 744 4323 ssJunii

202 4357 308 4413 Eadem
319 4360 410 4430 gratia
422 4359 586 4414 conceditur
594 4363 629 4413 29
638 4357 718 4412 lunii
728 4357 863 4427 magistro
872 4355 993 4427 Clsytou
1005 4374 1069 4411 cum
1080 4360 1174 4415 studio
1183 4361 1210 4433 vj
1220 4379 1358 4422 annorum

271 4451 301 4502 et
311 4446 399 4502 simili
411 4464 485 4519 pena
520 4445 782 4502 Admissuseodem
