3394 5114
199 355 361 443 1571-72]
632 373 746 423 aanor
767 373 859 423 soon
886 377 906 423 n

574 821 732 885 Doctores
755 819 788 885 in
814 818 980 905 theologia

196 1007 366 1066 Conceditur
384 1015 418 1066 23
437 1011 506 1066 Maii
524 1010 658 1082 magistro
673 1008 813 1064 Willelmo
833 1007 922 1063 Fullre
940 1012 972 1063 rt
990 1007 1117 1064 studium
1135 1013 1306 1065 bannorum
1324 1010 1355 1064 in

267 1098 406 1170 theologia
418 1099 540 1154 maxima
552 1116 586 1152 ex
602 1101 683 1169 parte
695 1096 866 1167 completum
878 1114 943 1151 cum
958 1096 1185 1170 opposicionibns
1201 1098 1354 1170 responsio-

268 1186 351 1241 nibus
363 1186 539 1242 sermonibus
550 1186 669 1257 aliisque
678 1183 817 1239 exercitiis
830 1201 879 1256 per
890 1189 1001 1240 stituta
1010 1185 1153 1256 requisitis
1166 1187 1223 1241 iam
1234 1188 1356 1258 peractis

268 1276 389 1331 sufficiet
400 1277 426 1330 ei
441 1276 476 1331 ed
493 1273 685 1347 incipiendum
703 1273 732 1328 in
744 1273 843 1328 eedem
856 1273 989 1328 facultate
1025 1274 1071 1328 Sic
1083 1280 1116 1329 vt
1130 1274 1181 1330 hec
1193 1275 1284 1346 gratie
1298 1281 1356 1330 stet

267 1382 318 1435 pro
330 1364 476 1436 completis
491 1363 580 1436 gradu
591 1367 621 1418 et
637 1363 728 1417 forme
739 1361 903 1417 doctoratus
915 1362 945 1416 in
956 1361 1054 1417 eadem
1070 1363 1205 1418 facultate
1216 1367 1356 1434 quatenus

268 1452 343 1522 regia
362 1451 531 1507 auctoritate
549 1469 614 1506 cum
635 1469 668 1506 so
689 1450 885 1522 dispensatum
904 1455 949 1506 est
970 1450 1011 1506 ita
1031 1457 1127 1506 tamen
1147 1456 1180 1506 vt
1200 1452 1357 1507 satisfaciet

268 1538 408 1594 officiariis
426 1543 470 1594 etc
506 1539 547 1594 sic
566 1543 598 1592 vt
615 1537 786 1594 admittatur
802 1537 838 1593 ad
857 1537 994 1608 placitum
1012 1538 1071 1594 sive
1089 1538 1118 1593 in
1137 1538 1280 1594 academia
1296 1539 1356 1593 sive

267 1626 334 1682 alibi
352 1625 388 1682 ab
406 1627 500 1697 aliquo
517 1626 631 1681 doctore
648 1625 774 1681 eiusdem
792 1625 937 1681 facultatis
955 1631 984 1682 et
1005 1633 1184 1698 presentetur
1201 1645 1251 1700 per
1268 1627 1355 1682 elium

267 1713 335 1769 data
353 1715 430 1786 prius
448 1713 502 1769 fide
519 1714 556 1768 de
572 1715 741 1769 auctoritate
759 1713 835 1784 regia
852 1713 1028 1768 observanda

199 1803 282 1860 Mem.
295 1803 370 1874 quod
383 1821 457 1859 enno
469 1803 577 1859 domini
591 1806 658 1860 1572
671 1803 717 1858 die
729 1820 794 1858 vero
807 1803 913 1858 mensis
925 1803 994 1858 Maii
1007 1807 1042 1858 25
1058 1803 1088 1858 in
1101 1804 1166 1858 arrla
1179 1803 1356 1859 serenissime

267 1891 381 1946 domine
393 1889 554 1946 Elisabethe
566 1890 727 1961 regiaeque
740 1894 858 1945 vocetur
869 1890 971 1946 domus
983 1891 1080 1946 Sancti
1095 1891 1113 1946 J
1114 1890 1194 1946 acobi
1210 1891 1241 1946 in
1256 1891 1357 1947 sacello

268 1979 394 2034 eiusdem
414 1979 516 2034 domus
536 1977 703 2033 venerabilis
723 1978 822 2033 doctor
840 1978 999 2034 Willelmus
1021 1979 1162 2034 Latimere
1184 1980 1358 2052 presentavit

271 2068 437 2139 magistrum
447 2066 619 2122 Willelmnm
630 2066 718 2122 Fnlke
728 2084 805 2122 sacre
813 2068 953 2139 theologie
966 2067 1197 2125 becchalaureum
1207 2069 1358 2125 reverendo

269 2155 299 2210 in
312 2155 426 2211 Christo
437 2155 512 2226 patri
523 2159 554 2210 et
565 2154 680 2210 domino
688 2155 795 2210 doctori
808 2155 960 2212 Edmundo
968 2157 1075 2212 Freeke
1085 2157 1209 2212 Rofl'ensi
1219 2158 1357 2230 Episcopo

269 2247 302 2297 vt
313 2242 482 2297 admittetur
493 2241 529 2297 ad
541 2242 659 2312 gradum
671 2241 835 2297 doctoratus
847 2243 877 2296 in
889 2242 987 2298 eadem
999 2243 1134 2299 facultate
1146 2243 1226 2298 iuxta
1237 2244 1358 2299 formem

269 2329 359 2401 gratie
374 2328 430 2384 sibi
446 2328 483 2383 ab
498 2328 642 2384 academia
654 2329 833 2400 Cantabrigie
849 2347 978 2385 concesse
1015 2331 1116 2402 Itaque
1128 2331 1165 2386 ab
1176 2332 1275 2387 eodem
1286 2332 1357 2404 epis-

269 2435 338 2489 eopo
350 2416 491 2472 admissus
505 2421 549 2471 est
565 2415 633 2471 deta
647 2417 727 2488 prius
743 2417 797 2473 fide
809 2417 845 2473 de
857 2417 933 2489 regie
946 2419 1116 2474 auctoritate
1132 2419 1239 2475 tuende
1254 2425 1358 2476 cetera-

269 2524 325 2578 que
343 2513 458 2577 peracta
478 2523 533 2577 que
552 2505 588 2560 ed
609 2505 722 2576 plenem
742 2507 768 2561 ei
790 2506 953 2562 doctoratus
974 2506 1143 2578 dignitatem
1161 2507 1358 2563 conferendam

270 2596 376 2650 faciant
407 2596 496 2650 Prout
504 2595 575 2649 mihi
586 2594 714 2649 Mattheo
724 2595 829 2667 Stokys
838 2595 948 2650 notario
960 2594 1073 2666 publico
1081 2599 1111 2650 et
1120 2596 1238 2667 registro
1247 2602 1359 2651 constat

269 2701 320 2756 per
337 2682 542 2738 testimoniales
563 2682 659 2736 literas
678 2681 786 2737 domini
808 2682 951 2738 Edmundl
974 2683 1113 2738 Roffensis
1134 2683 1205 2738 mihi
1226 2683 1308 2739 dates
1329 2687 1359 2740 et

270 2789 357 2826 manu
373 2770 498 2825 eiusdem
516 2770 642 2840 signatas
659 2771 688 2824 in
703 2770 845 2840 presentie
858 2770 899 2826 W.
914 2771 1071 2843 Wyckham
1088 2772 1157 2829 Tho.
1170 2772 1358 2843 Willonghbie

272 2858 383 2914 lticerdi
397 2858 575 2914 Chaundelor
587 2858 701 2913 Roberti
717 2859 818 2914 Dorset
830 2865 860 2914 et
873 2859 1005 2915 Willelmi
1018 2861 1036 2915 J
1037 2879 1115 2916 emes

201 2947 371 3004 Conceditur
396 2951 429 3002 19
451 2947 557 3018 Aprilis
578 2947 711 3018 magistro
732 2947 840 3021 [derat]
860 2949 1013 3021 Whythers
1033 2950 1141 3005 doctori
1166 2950 1304 3022 theologie
1328 2952 1357 3006 in

270 3035 413 3091 academie
434 3034 675 3106 Wittenburgensi
701 3041 732 3090 vt
756 3036 950 3107 incorporetur
973 3036 1019 3092 hic
1039 3037 1115 3109 apud
1136 3056 1186 3092 vos
1210 3039 1239 3092 in
1259 3038 1356 3094 eadem

271 3124 406 3180 facultate
442 3124 624 3178 Prosentatus
641 3141 691 3195 per
709 3123 852 3180 doctorem
870 3125 1029 3198 Whitgyfte
1046 3125 1144 3182 eodem

470 3507 592 3574 Gratiae
612 3527 678 3571 non
699 3515 931 3570 concernentes
953 3507 1088 3571 formam

200 3700 371 3756 Conceditur
399 3705 432 3755 10
456 3696 587 3754 Octobris
611 3699 643 3750 vt
669 3694 782 3750 licentie
809 3694 846 3750 ad
873 3693 1074 3765 predicandum
1098 3714 1227 3752 concesse
1250 3698 1357 3755 doctori

270 3789 372 3859 Young
392 3793 422 3843 et
441 3786 576 3857 magistro
594 3783 687 3839 Slater
704 3783 815 3854 possint
830 3783 957 3837 renovari
977 3789 1008 3838 et
1024 3783 1139 3854 sigillari
1156 3786 1247 3857 sigillo
1263 3792 1358 3843 vestro

271 3895 413 3933 commum

201 3969 307 4024 Eedem
327 3967 419 4038 gretia
439 3963 603 4020 conceditur
625 3964 657 4018 17
681 3959 849 4015 Novembris
869 3959 984 4015 Doctori
1005 3960 1095 4016 Kelke
1145 3967 1177 4019 16
1196 3963 1359 4021 Decembris

272 4057 319 4111 W⁰
328 4055 475 4127 Ghapman
489 4051 608 4108 Ricerdo
620 4050 638 4105 J
640 4049 744 4104 acheon
754 4048 833 4103 Alea
847 4048 912 4120 Kay
921 4053 951 4103 et
960 4049 978 4103 J
980 4049 1084 4105 ohenni
1097 4051 1196 4106 Dawes
1208 4052 1238 4106 in
1249 4052 1359 4108 artibus

272 4143 414 4214 magistris
451 4145 485 4196 et
502 4138 633 4195 Januerii
653 4137 736 4192 Petro
755 4135 853 4190 Shawe
889 4139 922 4190 31
942 4135 1073 4190 «Ianuarii
1092 4136 1188 4192 Franc.
1209 4139 1359 4196 Carthside

273 4231 395 4286 Roberto
408 4229 503 4300 Rodys
541 4232 574 4281 lt
592 4225 736 4280 Februarii
748 4224 766 4279 J
768 4223 873 4278 ohenni
886 4223 1043 4294 Brownyng
1054 4223 1083 4277 in
1095 4225 1205 4280 artibus
1217 4228 1360 4298 magimis

271 4326 301 4376 et
313 4325 346 4377 27
361 4321 458 4375 Martii
470 4319 487 4373 J
489 4337 514 4374 o.
526 4318 636 4388 Lynsey
646 4331 723 4369 sacre
735 4313 874 4384 theologie
885 4311 1070 4368 bachalaureo
1108 4317 1141 4368 18
1150 4314 1167 4368 J
1169 4318 1278 4371 annarii
1290 4317 1358 4374 The.

273 4410 374 4466 Farfex
387 4410 416 4464 in
429 4406 539 4463 artibus
552 4405 686 4476 magistro

284 4525 309 4570 n
326 4524 366 4568 ιν.
1244 4503 1279 4562 17
