3378 5126
228 361 391 447 1584-85]
661 379 776 430 oreon
798 379 891 430 soon
913 381 937 428 Δ
1318 363 1382 429 389

294 533 442 606 magistros
458 484 586 592 dobtores
605 535 709 593 Werde
721 540 750 602 et
762 536 877 592 sarowe
888 540 918 592 et
930 553 980 608 per
990 553 1088 591 eorum
1101 534 1222 590 aiterum
1239 539 1382 608 presente-

296 625 345 677 tur
355 621 470 679 domino
481 624 697 696 prooencellario
713 625 743 679 in
760 629 862 680 senatu
878 629 908 679 et
924 641 1010 696 super
1026 624 1078 680 hec
1095 629 1189 680 vestro
1205 623 1383 680 concessione

295 709 392 766 literas
404 710 508 796 hebent
519 711 655 782 sigillatas
667 711 758 783 sigillo
771 716 864 767 vestro
881 711 1024 766 communi
1056 711 1238 767 Presentetus
1253 729 1304 784 per
1318 710 1381 767 doc·

295 801 385 853 torem
397 797 511 854 Berrow

569 1216 799 1304 Incorporetus
822 1217 856 1282 in
881 1217 1043 1283 medicine

224 1403 392 1460 Conceditur
408 1411 425 1460 4
443 1404 606 1460 Decembris
622 1407 758 1478 magistro
776 1405 914 1462 Eduardo
934 1406 1056 1462 Redcliff
1070 1408 1100 1463 in
1118 1406 1262 1463 ecedemis
1279 1407 1381 1462 Auris·

293 1493 369 1548 censi
382 1493 518 1550 medicine
531 1494 638 1550 doctori
651 1501 683 1551 vt
695 1497 734 1551 sit
746 1496 792 1551 hic
807 1497 883 1568 apud
899 1515 949 1552 vos
964 1497 994 1552 in
1011 1497 1116 1553 eisdem
1133 1497 1222 1569 gradu
1239 1497 1335 1552 ordine
1352 1502 1381 1552 et

293 1599 368 1635 enno
380 1581 483 1652 quibus
496 1583 551 1639 suit
564 1585 593 1638 in
605 1583 682 1639 dicte
694 1585 838 1640 ecedemie
849 1585 890 1640 sic
902 1591 935 1641 vt
943 1591 1011 1642 ante
1019 1586 1080 1640 eius
1090 1585 1291 1641 admissionem
1299 1585 1382 1640 litere

293 1671 337 1725 sui
349 1671 452 1742 grodus
464 1690 557 1728 coram
570 1679 670 1728 senatu
683 1675 837 1730 recitentur
874 1675 1057 1731 Presentetus
1069 1693 1120 1746 per
1131 1674 1275 1731 doctorem
1284 1675 1382 1730 Berow

606 2159 759 2246 Inceptor
780 2159 814 2224 in
838 2160 999 2226 medicine

223 2348 393 2406 Conceditur
403 2353 437 2405 10
446 2350 464 2405 J
466 2350 516 2406 ulii
531 2355 611 2405 11114ο
621 2351 755 2424 magistro
767 2352 917 2424 Redulpho
926 2352 1028 2408 Hiiton
1038 2357 1070 2408 vt
1079 2351 1205 2408 studium
1216 2355 1232 2410 7
1242 2371 1381 2409 annorum

293 2439 323 2493 in
335 2438 475 2493 medicina
487 2445 638 2511 postquem
650 2443 753 2497 rexerit
764 2441 794 2496 in
807 2441 916 2497 ortibus
929 2459 992 2497 cum
1007 2441 1232 2513 oppositionibus
1244 2443 1380 2513 responsi-

293 2526 394 2582 onibus
409 2529 565 2599 ceterisque
580 2529 720 2585 exercitiis
735 2547 784 2602 per
798 2533 909 2586 statute
925 2529 1001 2601 regie
1016 2529 1161 2602 requisitis
1172 2529 1295 2585 sufficiat
1306 2531 1331 2584 ei
1344 2530 1380 2584 ed

293 2614 484 2686 incipiendum
496 2615 527 2671 in
540 2616 678 2671 medicine

224 2701 307 2758 Mem.
320 2704 396 2775 quod
409 2704 483 2760 idem
496 2722 553 2760 non
564 2709 609 2761 est
621 2706 807 2778 inauguratus
818 2712 848 2763 et
860 2706 923 2762 ideo
934 2705 1070 2763 forisfecit
1081 2723 1139 2761 xxs

591 3159 749 3226 Doctores
770 3159 804 3224 in
822 3159 898 3247 jure
921 3159 1011 3226 civili

221 3346 389 3402 Oonoeditur
409 3350 443 3402 10
471 3346 489 3402 J
491 3347 540 3403 ulii
562 3352 631 3403 11184
651 3349 786 3420 magistro
806 3346 929 3404 Gabrieli
951 3349 1049 3421 Hervy
1070 3353 1103 3404 vt
1122 3349 1248 3405 studium
1270 3355 1379 3422 septem

291 3453 428 3491 annorum
441 3436 471 3491 in
484 3435 545 3492 iure
556 3437 633 3492 civili
646 3442 796 3508 postquem
809 3437 911 3492 rexerit
920 3437 950 3490 in
959 3437 1069 3492 ortibus
1078 3455 1142 3492 cum
1153 3437 1379 3510 opposicionibus

291 3524 519 3596 responsionibus
531 3525 687 3597 ceterisque
702 3524 843 3581 exercitiis
858 3542 908 3595 per
922 3528 1033 3580 statute
1048 3525 1125 3596 regie
1139 3526 1286 3597 requisitis
1302 3526 1377 3581 suffi-

290 3613 347 3667 ciet
359 3613 384 3667 ei
396 3612 433 3668 ed
445 3613 637 3685 incipiendum
650 3614 680 3668 in
692 3613 789 3668 eodem
803 3613 863 3668 iure
899 3611 1073 3684 Subscripsit
1085 3612 1182 3668 doctor
1194 3613 1267 3668 Hen.
1279 3613 1378 3685 Hervy

221 3701 304 3756 Mem.
323 3701 399 3772 quod
420 3700 496 3756 idem
514 3719 571 3757 non
588 3707 633 3758 est
652 3701 837 3774 inauguratus
855 3706 906 3757 out
922 3701 1062 3757 admissus
1080 3701 1154 3757 vnde
1171 3703 1305 3758 forisfecit
1320 3721 1378 3758 xrs

291 3789 397 3846 Eodem
408 3791 500 3862 gretie
511 3791 675 3848 conceditur
686 3796 719 3848 16
732 3790 895 3848 Decembris
908 3791 1042 3864 magistro
1055 3791 1129 3848 Hen.
1144 3791 1286 3847 Hiekmau

220 3878 391 3935 Conceditur
403 3883 431 3934 1⁰
443 3879 607 3936 Decembris
620 3879 753 3952 magistro
773 3878 892 3935 Ricardo
907 3877 1046 3935 Hudsono
1063 3879 1165 3934 Oxonii
1180 3880 1210 3934 in
1226 3880 1286 3934 iure
1301 3880 1377 3935 civili

291 3968 491 4024 bsecbulcmeo
503 3974 536 4024 vt
547 3969 587 4024 sit
598 3969 645 4023 hic
656 3968 732 4040 apud
746 3987 796 4024 vos
808 3970 838 4024 in
849 3967 955 4024 eisdem
967 3967 1057 4039 gredu
1068 3968 1165 4024 ordine
1180 3974 1210 4024 et
1225 3987 1300 4024 enno
1315 3969 1376 4040 qui·

290 4056 344 4112 burs
356 4061 400 4112 est
411 4057 441 4112 in
453 4057 530 4113 dicte
541 4057 686 4113 academie
698 4056 849 4113 Oxoniensi

221 4144 391 4201 Conceditur
402 4149 431 4203 7⁰
443 4146 606 4203 Decembris
619 4146 754 4218 magistro
767 4145 887 4201 Ricardo
900 4145 1039 4200 Hudsono
1050 4150 1083 4200 vt
1094 4144 1222 4201 studium
1241 4149 1276 4201 20
1291 4163 1377 4201 enno-

291 4250 355 4288 rum
367 4233 396 4288 in
409 4233 470 4288 iure
481 4233 557 4289 civili
572 4238 637 4306 post
651 4233 770 4305 gradum
785 4233 1035 4288 becchelsureetus
1052 4233 1082 4288 in
1100 4233 1198 4289 eodem
1214 4239 1376 4306 susceptum

291 4339 356 4376 oum
367 4320 478 4377 duebus
486 4321 714 4393 responsionibus
723 4339 812 4394 quum
821 4338 877 4376 non
887 4322 977 4392 possit
985 4321 1140 4391 comparari
1151 4321 1200 4392 qui
1210 4321 1377 4392 respondeat

291 4407 414 4464 sufficiet
424 4409 450 4465 ei
461 4409 497 4465 ed
511 4409 703 4482 incipiendum
715 4410 744 4464 in
754 4409 852 4464 eodem
865 4409 925 4464 iure
962 4409 1145 4464 Presentstus
1157 4409 1245 4480 perd
1260 4409 1356 4482 Bynge
