3422 5116
814 373 927 423 oenoe
950 375 1041 425 soon
1065 377 1088 425 n
1368 362 1534 449 [1547-48

254 874 273 931 t.
292 871 328 931 21
345 872 365 931 b
720 877 952 942 Baochnleurei
974 877 1007 942 in
1033 877 1195 964 theologia

379 1059 413 1114 In
432 1061 531 1132 primis
548 1062 711 1118 comeditur
726 1063 860 1134 magistro
872 1062 1033 1118 Thurlende
1045 1069 1078 1118 vt
1089 1063 1216 1120 studium
1228 1071 1337 1136 septem
1353 1085 1491 1123 annorum
1504 1068 1533 1123 in

448 1150 588 1222 theologia
604 1169 668 1207 cum
684 1151 794 1207 duobus
810 1152 986 1207 sermonibus
999 1171 1054 1208 vno
1068 1154 1104 1208 ad
1116 1154 1222 1209 olerum
1234 1155 1323 1210 altero
1334 1156 1369 1212 ad
1382 1173 1492 1212 erucem
1504 1161 1534 1211 et

449 1257 513 1294 oum
532 1241 615 1295 unios
632 1240 811 1312 responsione
828 1241 958 1296 habende
977 1242 1031 1297 sub
1048 1259 1121 1313 pene
1143 1243 1181 1297 xl*
1202 1243 1330 1314 ponenda
1351 1245 1381 1300 in
1404 1245 1534 1300 manibus

450 1332 661 1398 procuratorum
677 1335 744 1385 ente
759 1331 820 1384 eius
836 1328 1035 1385 admissionem
1052 1331 1174 1386 sufficiat
1190 1333 1215 1387 ei
1234 1333 1269 1388 ad
1289 1333 1487 1404 opponendum
1504 1338 1534 1388 et

449 1415 612 1470 intrandum
631 1416 660 1470 in
677 1416 763 1471 libros
779 1417 984 1473 sententiarum
1019 1419 1066 1473 Sin
1081 1417 1156 1489 quod
1168 1419 1339 1475 admittetur
1350 1420 1385 1476 ed
1399 1421 1534 1492 placitum

449 1503 520 1558 eitra
531 1504 676 1560 commitis
687 1505 815 1576 proxima
825 1509 855 1560 et
866 1523 924 1560 non
936 1510 1067 1561 teneatur
1078 1506 1114 1561 ad
1128 1506 1285 1562 ulteriorem
1300 1507 1481 1564 residentiam
1494 1509 1535 1563 sic

448 1591 524 1662 quod
536 1593 628 1647 solvat
639 1593 677 1646 xl·
689 1593 867 1648 uniuersitati

379 1678 455 1734 Item
471 1679 635 1735 oonoeditur
652 1681 788 1751 magistro
805 1680 912 1736 Pulleio
929 1686 961 1736 vt
977 1681 1104 1737 studium
1121 1687 1184 1737 octo
1201 1699 1339 1738 annorum
1354 1684 1382 1738 in
1396 1683 1534 1755 theologie

448 1775 599 1839 postquam
617 1768 719 1822 rexerit
736 1768 766 1823 in
785 1767 894 1823 artibus
910 1786 974 1823 eum
991 1769 1101 1824 duobus
1117 1769 1292 1824 sermonibus
1304 1788 1360 1825 vno
1375 1771 1411 1826 ad
1427 1771 1532 1828 clerum

448 1855 537 1911 altero
555 1855 590 1910 ad
610 1872 722 1910 orueem
745 1854 824 1910 Pauli
843 1861 874 1910 et
894 1873 959 1911 cum
980 1857 1061 1912 vniea
1085 1857 1264 1927 responsione
1288 1857 1332 1912 vel
1356 1858 1484 1929 pluribus
1508 1861 1533 1915 si
1619 1899 1623 1902 -

448 1942 595 2012 exigentur
606 1942 727 1997 sufficiat
738 1941 792 1997 sibi
805 1941 841 1997 ed
853 1943 1052 2014 opponendum
1063 1947 1093 1998 et
1106 1942 1268 1998 intrandum
1281 1944 1312 1998 in
1324 1943 1409 2000 libros
1421 1953 1532 2002 senten·

449 2032 552 2087 tiarum
602 2032 647 2087 Ita
670 2032 746 2104 quod
767 2032 933 2104 respondeat
951 2039 1104 2104 antequem
1125 2033 1296 2090 admittatur
1314 2041 1343 2090 et
1364 2035 1534 2092 admittatur

448 2120 485 2174 ad
502 2121 639 2192 placitum

379 2208 485 2264 Eadem
497 2207 590 2279 gratie
600 2209 636 2264 de
647 2208 732 2264 verbo
745 2209 774 2263 in
788 2208 905 2264 verbum
919 2209 1082 2265 ooneeditur
1095 2210 1228 2280 magistro
1241 2210 1357 2282 Hopper

380 2297 454 2352 Item
478 2297 641 2352 eoneeditur
663 2297 779 2352 eiisdem
801 2301 833 2352 vt
856 2300 1050 2369 responsiones
1073 2299 1228 2369 theologiae
1251 2299 1378 2370 adquae
1400 2305 1534 2356 tenentur

449 2387 557 2440 ratione
585 2384 689 2455 gradem
718 2383 965 2440 beochalaureatus
995 2387 1024 2441 in
1059 2386 1199 2456 theologia
1229 2387 1398 2458 suseipieudi
1428 2387 1532 2443 differri

448 2472 557 2542 possint
595 2472 643 2528 Ita
659 2473 734 2542 quod
752 2474 822 2527 fient
840 2474 966 2544 proximo
984 2490 1058 2527 enno
1076 2472 1130 2527 sub
1147 2490 1220 2543 pena
1238 2475 1377 2528 oeutionis
1394 2475 1476 2529 realis
1494 2474 1533 2529 xl·

449 2559 575 2630 ponende
594 2561 623 2614 in
642 2559 773 2614 manibus
785 2564 996 2632 procuratorum
1009 2565 1162 2631 antequam
1174 2560 1387 2633 admittdthur
1398 2561 1531 2632 quoniam

448 2645 575 2701 doctores
587 2646 631 2700 oui
645 2645 831 2717 respondeant
843 2647 920 2702 nullo
933 2646 1015 2701 modo
1028 2646 1130 2701 habers
1146 2647 1256 2717 possint
1273 2652 1339 2702 aute
1355 2653 1468 2718 tempus
1483 2665 1534 2719 per

447 2735 552 2803 gratias
564 2751 630 2788 sues
641 2735 828 2805 prescriptum

380 2821 452 2876 item
465 2822 627 2876 coneeditur
639 2823 773 2891 magistro
786 2822 892 2877 Berker
905 2821 977 2876 Aule
989 2821 1071 2876 Clare
1083 2828 1114 2876 vt
1129 2821 1257 2876 studium
1269 2825 1332 2876 octo
1348 2839 1486 2877 annorum
1503 2823 1532 2878 in

448 2909 587 2981 theologie
599 2917 749 2981 postquem
762 2912 863 2966 rexerit
876 2913 905 2965 in
917 2910 1028 2966 artibus
1039 2927 1104 2964 oum
1116 2909 1226 2964 duobus
1239 2908 1415 2965 sermonibus
1427 2928 1482 2966 vno
1496 2911 1532 2967 ad

449 2999 554 3053 olerum
565 2999 653 3053 altero
665 3000 700 3054 ad
717 3017 827 3054 cruoem
841 2999 919 3054 Pauli
934 3006 965 3054 et
981 3017 1045 3056 eum
1060 2999 1142 3054 vnioa
1153 2998 1334 3070 responsione
1345 2999 1388 3054 vei
1405 2998 1533 3070 pluribus

448 3083 472 3137 si
497 3083 644 3153 exigantur
667 3083 788 3138 sufficiat
807 3082 861 3138 sibi
882 3083 918 3138 ad
941 3083 1138 3155 opponendum
1158 3088 1188 3138 et
1209 3083 1372 3139 intrandum
1393 3083 1423 3139 in
1447 3085 1532 3140 libros

449 3171 652 3226 sententiarum
690 3172 737 3226 lta
755 3170 831 3242 quod
848 3171 1015 3243 respondeat
1032 3175 1185 3242 antequam
1202 3169 1372 3226 admittatur
1387 3175 1417 3225 et
1430 3170 1531 3227 admit·

448 3263 528 3314 tatur
538 3259 574 3314 ad
586 3259 722 3331 plaeitum

380 3347 453 3401 Item
471 3347 633 3402 coneeditur
651 3348 785 3417 magistro
802 3347 935 3419 Heskyns
947 3351 979 3400 vt
993 3346 1121 3403 studium
1137 3353 1245 3418 septem
1261 3364 1399 3401 annorum
1414 3347 1442 3402 in
1455 3347 1532 3402 theo·

447 3433 520 3503 logie
532 3439 681 3503 postquem
698 3433 832 3503 inceperit
849 3433 877 3487 in
895 3432 1004 3487 artibus
1020 3450 1084 3487 oum
1103 3431 1213 3488 duobus
1230 3431 1406 3488 sermonibus
1424 3451 1479 3488 vno
1496 3433 1533 3489 ad

447 3519 520 3574 clero
542 3520 631 3574 altero
654 3519 689 3574 ad
714 3537 824 3575 oruoem
849 3521 927 3575 Pauli
953 3525 983 3575 et
1006 3537 1070 3574 oum
1096 3537 1152 3574 vna
1176 3519 1357 3590 'responsione
1379 3525 1532 3590 antequem

448 3606 617 3678 admittatur
633 3607 754 3661 sufficiet
770 3608 795 3661 ei
813 3607 847 3662 ad
866 3607 1029 3662 intrandum
1042 3607 1071 3661 in
1084 3606 1170 3662 libros
1187 3607 1393 3662 sententiarum
1405 3608 1445 3662 sio
1457 3608 1532 3678 quod

448 3695 618 3750 admittatur
632 3695 668 3750 ad
685 3695 883 3767 opponendum
899 3701 965 3750 ente
985 3695 1091 3750 Pascha
1106 3701 1135 3749 et
1154 3700 1211 3750 stet
1229 3711 1373 3766 opponens
1391 3712 1478 3766 vsque
1496 3696 1532 3752 ad

447 3787 551 3840 festum
565 3785 692 3839 Bernabe

379 3873 452 3927 Item
464 3872 626 3929 oonoeditur
636 3875 769 3944 magistro
780 3874 883 3928 Pariter
895 3881 927 3928 vt
939 3873 1066 3928 studium
1078 3880 1187 3944 septem
1199 3889 1338 3928 annorum
1351 3875 1381 3927 iu
1394 3872 1533 3944 theologia

448 3970 597 4034 postquam
616 3965 719 4018 rexerit
737 3965 766 4018 iu
784 3963 893 4019 artibus
910 3982 974 4019 oum
989 3962 1099 4018 duobus
1113 3961 1289 4018 sermonibus
1302 3979 1357 4016 vno
1373 3961 1408 4016 ad
1426 3962 1531 4018 olerum

447 4052 535 4105 altero
552 4051 588 4105 ad
607 4070 716 4106 orueem
737 4052 816 4107 Pauli
834 4057 864 4108 et
884 4070 949 4107 oum
972 4070 1027 4106 vna
1046 4052 1224 4124 responsione
1242 4068 1316 4105 anuo
1334 4050 1461 4121 proximo
1478 4050 1532 4105 sub

447 4159 520 4213 pena
532 4139 671 4196 cautionis
682 4140 765 4194 realis
777 4140 814 4194 xl·
825 4139 953 4211 ponende
965 4140 995 4194 in
1009 4138 1140 4194 manibus
1152 4146 1365 4210 procuratorum
1377 4144 1530 4208 antequam

447 4229 617 4284 admittatur
625 4229 747 4283 sufficiat
758 4229 782 4282 ei
795 4227 830 4282 ad
843 4227 1040 4300 opponendum
1053 4231 1083 4282 et
1094 4227 1257 4282 intrandum
1271 4226 1299 4280 in
1311 4225 1450 4295 theologia
1485 4226 1532 4280 Sic

447 4317 522 4389 quod
541 4317 711 4373 admittetur
728 4323 786 4372 tam
804 4316 840 4372 ad
857 4316 1054 4389 opponendum
1071 4333 1157 4387 quem
1170 4314 1334 4372 intrandum
1346 4313 1383 4368 ad
1395 4314 1531 4387 placitum

448 4405 519 4460 eitra
530 4405 675 4460 oommitia
686 4405 814 4475 proxime
