3408 5116
376 280 444 406 bal
814 361 928 410 cason
951 363 1044 412 soon
1058 361 1089 409 ’Δ
1369 339 1539 428 [1578-79

449 513 636 586 impendendo
650 519 799 572 annuatim
811 517 943 589 deinceps
960 517 1010 572 xls
1026 517 1122 588 legalis
1138 520 1250 572 monete
1262 514 1364 586 Anglie
1375 532 1425 586 per
1437 530 1541 568 manus

449 601 557 658 domini
578 605 787 675 procaneellarii
809 622 860 676 pro
881 609 1007 676 tempore
1028 603 1176 658 existentis
1197 603 1345 658 solvendos
1365 600 1481 672 recipiat
1501 599 1538 654 ad

449 689 523 744 festa
538 692 764 747 annuntiationis
781 691 863 747 beate
882 692 971 747 Maris
989 695 1018 747 et
1036 691 1128 746 sancti
1147 690 1293 745 Michaelis
1310 689 1469 761 archangeli
1488 706 1540 760 por

450 777 563 847 equales
587 780 731 850 porciones
754 779 875 836 durante
900 781 960 834 vita
983 797 1035 835 sua
1058 779 1182 834 naturali
1207 783 1237 834 et
1260 796 1344 851 super
1368 778 1420 833 hac
1443 781 1541 832 vestra

449 865 627 922 concessione
643 867 740 922 literas
758 867 862 923 habeat
880 867 1016 938 sigillatas
1033 867 1125 938 sigillo
1142 871 1236 923 vestro
1253 867 1396 922 communi

379 951 549 1008 Conceditur
569 959 602 1010 13
618 954 747 1010 Januarii
765 974 854 1027 quum
872 955 933 1011 dies
950 956 987 1011 ad
1006 956 1228 1027 philosophicam
1246 955 1470 1027 disputacionem
1487 971 1539 1024 per

449 1045 591 1096 statutum
609 1043 745 1114 assignati
765 1060 820 1097 non
839 1043 984 1099 sufficiunt
1004 1043 1196 1114 inceptoribus
1214 1044 1243 1100 in
1262 1042 1371 1099 artibus
1390 1043 1443 1098 hoc
1461 1059 1537 1096 anno

450 1129 483 1181 vt
502 1127 711 1200 disputationes
735 1129 807 1183 fiant
829 1128 930 1184 diebus
951 1128 1069 1184 Veneris
1090 1134 1119 1183 et
1143 1129 1259 1184 Saturni
1283 1129 1313 1183 in
1337 1127 1538 1200 philosophicis

449 1213 552 1270 scholis
573 1214 610 1270 ab
630 1215 700 1270 hora
721 1219 750 1271 9·
769 1233 857 1286 vsque
879 1216 915 1271 od
938 1220 969 1270 ll
993 1221 1123 1286 presente
1143 1215 1231 1271 altero
1252 1219 1432 1288 procuratore
1452 1219 1483 1270 et
1503 1233 1538 1269 ex

449 1300 565 1358 bedellis
585 1321 642 1358 vno
662 1305 712 1375 qui
736 1304 827 1375 pridie
850 1304 952 1359 saltem
976 1303 1101 1359 eiusdem
1122 1302 1168 1359 die
1189 1303 1345 1360 ordinarios
1368 1305 1485 1360 lectores
1508 1304 1537 1357 in

450 1389 570 1461 publicis
587 1391 690 1446 scholis
707 1397 871 1462 premoneat
889 1391 985 1446 future
1002 1390 1205 1463 disputacionis

379 1475 551 1533 Conceditur
572 1483 606 1533 23
627 1478 723 1534 Martii
746 1496 810 1534 cum
833 1479 965 1534 ordinarii
987 1478 1215 1548 disputationum
1236 1478 1296 1534 dies
1316 1497 1373 1534 non
1393 1478 1539 1534 sufficiunt

449 1565 604 1637 incepturis
624 1566 677 1620 hoo
697 1583 771 1620 anno
790 1566 818 1620 in
837 1565 946 1620 artibus
965 1565 1058 1636 placet
1076 1565 1156 1620 vobis
1175 1572 1207 1621 vt
1223 1567 1341 1637 singulis
1359 1565 1458 1621 diebus
1475 1583 1537 1637 pro·

449 1653 530 1708 lastis
550 1652 588 1708 ab
609 1654 677 1708 hora
698 1655 790 1727 prima
814 1653 1006 1727 pomeridiana
1026 1672 1116 1725 vsque
1135 1655 1171 1710 sd
1193 1657 1307 1711 tertiam
1329 1655 1538 1728 disputaciones

449 1740 640 1813 philosophice
660 1742 757 1797 haberi
778 1743 889 1814 possint
910 1743 951 1796 sic
972 1747 1004 1797 vt
1025 1743 1142 1813 siugulis
1163 1743 1405 1815 disputacionibus
1425 1743 1539 1798 intersit

447 1828 520 1884 alter
533 1835 746 1901 procuratorum
758 1834 788 1886 et
800 1849 834 1885 ex
847 1829 963 1886 bedellis
975 1849 1047 1886 vuus
1059 1836 1089 1887 et
1101 1832 1141 1886 sic
1153 1836 1187 1887 vt
1198 1837 1415 1903 premoneantur
1426 1830 1538 1902 publice

448 1917 479 1971 in
490 1915 594 1972 scholis
605 1935 655 1989 per
668 1917 790 1972 bedellos

378 2004 548 2061 Conceditur
559 2009 594 2062 23
607 2005 703 2061 Martii
721 2006 828 2061 Thema
841 2005 954 2060 Church
966 2005 996 2060 in
1009 2005 1119 2060 artibus
1131 2006 1265 2077 magistro
1277 2013 1308 2061 vt
1321 2005 1424 2062 habeat
1438 2005 1538 2062 literas

448 2097 558 2149 vostras
579 2093 783 2150 testimoniales
800 2093 903 2164 gradus
922 2098 952 2149 st
972 2095 1195 2149 conversacionis
1216 2111 1266 2150 sue
1287 2094 1423 2165 sigillatas
1443 2095 1536 2165 sigillo

448 2185 550 2259 vestro,
560 2183 703 2238 communi

378 2271 485 2327 Eadem
508 2273 599 2343 gratia
618 2271 781 2327 conceditur
803 2277 819 2326 5
841 2271 920 2326 Junii
942 2271 1077 2341 magistro
1099 2272 1205 2326 Arturo
1226 2270 1365 2326 Williams
1386 2276 1416 2326 et
1436 2272 1537 2328 vltimo

448 2360 529 2415 Jnnii
547 2361 590 2417 Jo.
611 2360 742 2432 Lyndsey
760 2378 838 2415 sacre
856 2360 995 2431 theologie
1012 2359 1212 2415 bacchalaureo

378 2447 485 2503 Eodem
501 2447 663 2503 conceditur
699 2447 838 2515 Quoniam
855 2447 942 2502 sacris
958 2446 1139 2502 concionibus
1155 2447 1230 2519 apud
1247 2447 1381 2519 populum
1398 2447 1537 2504 habendis

448 2552 504 2589 non
524 2535 595 2590 satis
614 2535 726 2589 videtur
745 2552 795 2605 per
813 2539 924 2588 statuta
944 2538 1042 2588 nostra
1059 2539 1240 2606 prospectum
1259 2553 1319 2590 esse
1342 2535 1436 2591 Placet
1455 2535 1536 2592 vobis

448 2627 480 2676 vt
495 2621 626 2695 deinceps
642 2622 760 2693 singulis
776 2626 807 2677 et
822 2621 971 2676 dominicis
987 2627 1016 2676 et
1033 2622 1114 2677 iestis
1130 2622 1229 2678 diebus
1245 2622 1360 2695 (quibus
1375 2643 1408 2678 ex
1425 2629 1536 2681 statuto

447 2709 541 2781 aliquo
564 2715 616 2765 aut
639 2713 752 2782 recepta
776 2709 979 2765 cousuetudine
1003 2710 1099 2764 concio
1124 2709 1237 2780 publica
1262 2711 1339 2766 intra
1361 2713 1535 2771 academiam

447 2815 504 2852 non
525 2797 657 2867 habetur)
676 2797 779 2868 singuli
801 2797 937 2868 cuiusque
958 2797 1065 2868 collegii
1089 2803 1149 2853 tam
1170 2799 1237 2854 socii
1256 2817 1342 2871 quam
1364 2802 1535 2872 pensionarii

447 2883 608 2955 quicunque
638 2884 762 2939 ministri
789 2887 840 2938 aut
866 2882 978 2938 diaconi
1004 2882 1112 2938 fuerint
1136 2889 1166 2939 st
1192 2885 1309 2940 tertium
1335 2904 1442 2942 annum
1469 2893 1535 2960 post

448 2972 602 3042 magisterii
625 2971 743 3042 gradum
768 2971 798 3026 in
822 2971 932 3026 artibus
956 2979 1118 3043 susceptum
1140 2973 1255 3029 omnino
1276 2976 1477 3048 compleverint
1497 2978 1535 3034 ad

447 3060 670 3115 concionandum
692 3061 722 3115 in
743 3060 885 3116 academie
905 3061 1012 3132 templo
1033 3065 1093 3115 tam
1112 3066 1180 3116 ante
1198 3079 1284 3132 quam
1305 3068 1370 3134 post
1388 3065 1535 3121 meridiem

446 3165 498 3220 pro
516 3148 624 3204 ratione
642 3147 816 3204 senior-itatis
833 3164 920 3219 quam
938 3147 968 3202 in
986 3147 1130 3202 academia
1143 3147 1274 3204 obtinent
1286 3151 1383 3207 ordine
1394 3169 1445 3207 suo
1457 3157 1534 3209 tene·

446 3241 533 3291 antur
553 3241 735 3309 vestrumque
759 3236 812 3292 hoc
832 3235 977 3292 decretum
997 3254 1084 3309 super
1103 3254 1137 3292 ea
1157 3255 1187 3294 re
1207 3256 1258 3310 pro
1279 3239 1404 3310 legitimo
1424 3244 1535 3298 statuto

447 3323 585 3380 habeatur
619 3325 707 3382 Cuius
719 3324 874 3396 exequendi
886 3325 1001 3380 initium
1013 3326 1064 3380 fiat
1075 3325 1121 3381 die
1132 3324 1272 3382 dominico
1285 3328 1445 3398 proximum
1456 3329 1533 3387 diem

447 3412 620 3470 dominicum
639 3415 802 3472 immediate
826 3417 961 3484 sequente
985 3413 1096 3469 exordio
1120 3414 1205 3470 ducto
1228 3413 1265 3469 ab
1285 3433 1318 3470 eo
1339 3419 1534 3476 concionatore

447 3500 497 3573 qui
524 3506 631 3558 ceteros
657 3501 821 3558 senioritate
848 3501 991 3557 antecedit
1016 3519 1101 3573 quem
1129 3502 1271 3574 perpetuis
1298 3503 1399 3560 deinde
1428 3507 1534 3564 lutmis

448 3588 621 3660 temporibus
633 3587 734 3660 reliqui
746 3590 805 3645 suis
816 3589 926 3646 vicibus
937 3589 1146 3661 subsequantur
1161 3590 1214 3645 sub
1230 3609 1303 3663 pena
1315 3610 1355 3646 rs
1366 3593 1533 3667 cuicumque

448 3674 484 3730 ob
502 3675 657 3746 neglectam
674 3675 764 3731 vicem
780 3674 932 3746 infligenda
969 3675 1082 3732 Proviso
1097 3680 1194 3732 tamen
1206 3682 1238 3732 vt
1254 3678 1365 3748 quoties
1381 3679 1532 3753 quisquam

447 3762 492 3818 vel
515 3762 551 3817 ad
575 3763 782 3834 procancsllarii
808 3764 1029 3834 assignaoionem
1054 3765 1097 3819 vel
1122 3765 1159 3820 ob
1181 3765 1298 3837 gradum
1322 3767 1533 3840 suscipiendum

448 3849 660 3905 concionabitur
680 3849 765 3921 idque
785 3849 882 3905 decem
903 3855 970 3905 ante
990 3849 1089 3905 diebus
1110 3852 1136 3906 ei
1157 3853 1206 3923 qui
1227 3853 1352 3925 alioquin
1373 3860 1448 3911 esset
1467 3875 1532 3913 con-

447 3936 611 3992 cionaturus
630 3936 793 3994 denuntiari
816 3936 928 3992 cmabit
947 3943 1046 4009 ceptus
1067 3955 1166 3994 cursus
1187 3940 1354 4012 interrumpi
1376 3952 1463 4013 queat
1482 3946 1532 4002 sed

448 4025 490 4081 ita
505 4028 538 4079 vt
553 4023 628 4080 idem
647 4041 746 4081 cursim
759 4025 857 4080 eodem
873 4030 971 4096 postea
984 4042 1041 4096 quo
1057 4027 1137 4097 prius
1150 4027 1234 4082 modo
1248 4029 1430 4086 continuetur
1445 4039 1532 4105 atque

446 4111 610 4169 observetur

377 4201 546 4260 Conceditur
562 4206 596 4259 27
610 4201 707 4257 Martii
719 4207 752 4258 vt
767 4202 848 4258 litere
864 4201 948 4259 modo
963 4201 1035 4258 lecte
1051 4202 1234 4274 obsignentur
1249 4205 1340 4276 sigillo
1352 4213 1445 4265 vestro
1457 4228 1532 4267 com-

447 4291 527 4347 muni
539 4295 568 4346 st
580 4291 660 4346 iuxta
671 4308 768 4347 aarum
779 4293 1045 4365 superscriptionem
1058 4293 1210 4351 mittantur
1218 4299 1248 4350 et
1260 4296 1409 4353 tradantur
1418 4299 1533 4359 domino

447 4377 516 4433 Tho.
530 4377 661 4452 Bmmley
672 4377 837 4434 cancellario
