3394 5114
787 270 901 318 unies
923 269 1015 316 soor<
1039 271 1061 317 n
1344 249 1510 336 [1563-64

685 647 917 718 Beoohalaurei
940 653 975 715 in
997 651 1069 716 iure
1091 650 1180 716 civili

351 841 520 896 Conseditur
530 844 560 895 11
572 838 717 894 Februarii
730 839 799 894 Tho.
811 838 951 910 Hopkyns
960 843 992 893 vt
1001 837 1129 893 studium
1138 837 1167 892 vi
1176 855 1314 893 annorum
1323 839 1353 892 in
1362 838 1423 892 iure
1432 837 1507 892 civili

421 946 485 984 oum
497 926 721 1000 oppositionibus
733 925 962 998 responsionibus
974 931 1004 981 et
1015 925 1078 980 aliis
1089 926 1230 980 exercitiis
1242 943 1292 996 per
1301 930 1411 981 statuta
1420 925 1507 996 Regia

421 1015 565 1087 requisitis
577 1014 753 1087 perficiendis
765 1020 832 1070 ante
844 1014 958 1069 comitia
971 1014 1097 1085 proxima
1111 1013 1164 1069 sub
1180 1032 1253 1086 pena
1268 1015 1318 1070 xls
1335 1014 1464 1086 ponenda
1477 1015 1507 1069 in

421 1103 552 1159 manibus
564 1106 775 1174 procuratorum
792 1108 859 1158 ante
874 1103 935 1157 eius
951 1101 1151 1156 admissionem
1168 1101 1290 1156 sufficiat
1305 1102 1331 1156 ei
1348 1101 1384 1156 ad
1400 1102 1506 1157 intran-

421 1191 489 1246 dum
501 1192 531 1246 in
544 1190 641 1246 eodem
655 1191 716 1246 iure
754 1191 935 1246 Presentatus
948 1208 997 1261 per
1013 1191 1157 1246 doctorem
1171 1189 1256 1244 Ithell
1269 1189 1320 1260 xij⁰
1334 1188 1402 1244 Maii
1416 1190 1506 1259 (foris-

422 1279 489 1334 ieoit
500 1281 599 1351 marp.)

231 1365 252 1425 f.
269 1365 337 1425 rob
351 1367 519 1423 Conceditur
531 1367 589 1421 xix⁰
602 1367 670 1422 Maii
680 1368 723 1422 W.
735 1369 861 1422 Maraton
874 1373 906 1423 vt
919 1367 1045 1422 studium
1059 1384 1076 1419 v
1088 1384 1227 1422 annorum
1240 1366 1269 1421 in
1282 1366 1342 1422 iure
1354 1365 1430 1421 oivili
1442 1383 1506 1420 oum

421 1455 645 1529 oppositionibus
665 1456 894 1529 responsionibus
914 1461 945 1511 et
965 1457 1028 1511 eliis
1050 1456 1189 1512 exercitiis
1214 1473 1264 1526 per
1287 1455 1373 1526 Regia
1397 1458 1507 1510 statuta

421 1546 565 1617 inquisitis
585 1546 706 1600 sufficiat
727 1546 753 1601 ei
774 1545 810 1600 ad
831 1544 995 1600 intrandum
1020 1545 1049 1599 in
1074 1545 1171 1600 eodem
1193 1545 1253 1599 iure
1299 1545 1340 1599 sio
1361 1547 1393 1597 vt
1414 1549 1507 1598 vestra

421 1633 594 1689 authoritate
602 1631 1096 1704 respondeatinhabitubachalaurei
1115 1629 1506 1702 Presentatusperdoctorem

422 1721 507 1776 Ithell
520 1721 619 1775 vltimo
633 1720 701 1776 Maii

350 1809 520 1866 Conceditur
530 1808 630 1863 vltimo
643 1807 711 1862 Maii
724 1813 756 1862 vt
768 1807 912 1879 responsio
924 1806 960 1861 ad
972 1824 1058 1878 quam
1071 1811 1185 1861 tenetur
1199 1805 1239 1860 W.
1254 1805 1381 1860 Maraton
1398 1805 1506 1860 ratione

420 1897 523 1969 gradus
534 1896 579 1952 sui
590 1895 713 1967 suseepti
726 1896 816 1966 possit
828 1901 923 1951 vestra
933 1896 1109 1951 authoritate
1120 1896 1215 1965 peragi
1229 1894 1259 1949 in
1271 1895 1316 1950 die
1328 1894 1506 1950 comitiorum

421 1993 451 2042 et
462 1989 520 2042 stet
531 2003 582 2057 pro
594 1986 684 2040 forma
695 2001 747 2039 sua

729 2337 886 2402 Doctores
908 2337 941 2400 in
967 2336 1129 2402 medicina

350 2527 520 2584 Conoeditur
531 2531 566 2581 24
579 2525 676 2580 Martii
689 2525 823 2594 magistro
836 2523 917 2580 Geor.
931 2523 1045 2579 Walker
1056 2529 1089 2578 vt
1100 2523 1228 2579 studium
1244 2529 1352 2595 septem
1369 2541 1507 2579 annorum

422 2615 452 2670 in
464 2611 602 2669 medicina
613 2616 765 2683 postquam
782 2611 884 2666 rexerit
900 2611 930 2665 in
946 2610 1055 2666 artibus
1074 2629 1137 2667 oum
1155 2610 1379 2683 oppositionibus
1394 2629 1507 2683 respon·

422 2703 548 2758 sionibus
559 2705 589 2756 et
599 2701 664 2756 aliis
680 2701 820 2755 exercitiis
836 2719 887 2771 per
899 2701 985 2771 Regia
1001 2703 1112 2754 statuta
1129 2700 1272 2770 requisitis
1290 2700 1411 2754 sufficiat
1427 2699 1452 2754 ei
1470 2700 1506 2755 ad

422 2789 611 2862 incipiendum
623 2789 653 2842 in
667 2787 805 2843 medicina
842 2789 1024 2842 Presentatus
1036 2805 1086 2858 per
1094 2786 1235 2857 juniorem
1247 2793 1455 2858 procuratorem

351 2878 521 2935 Oonoeditur
533 2879 580 2932 xix
593 2876 661 2930 Maii
675 2876 809 2946 magistro
821 2875 839 2930 J
841 2893 864 2930 o.
880 2874 1012 2931 Coidwell
1024 2875 1122 2929 eedem
1134 2875 1225 2944 gratia

352 2968 426 3023 Item
439 2965 601 3022 eonoeditnr
612 2969 644 3018 21
658 2963 676 3018 J
679 2964 739 3018 unii
753 2968 784 3020 vt
795 2964 935 3035 oppositio
947 2963 983 3019 ad
995 2980 1082 3034 quam
1097 2968 1211 3018 tenetur
1227 2963 1360 3034 magister
1376 2962 1507 3019 Ooldwell

422 3055 530 3111 ratione
541 3053 644 3125 gradus
655 3053 699 3108 sui
711 3052 882 3124 suscipiendi
894 3053 983 3124 possit
995 3051 1100 3106 differri
1113 3051 1143 3106 in
1156 3053 1314 3122 proximum
1334 3069 1440 3107 anuum
1456 3057 1507 3106 ant

321 3163 330 3176 ·
422 3143 514 3199 solvat
525 3141 703 3198 uniuersitati
716 3151 744 3197 v·

661 3519 783 3602 (Order
804 3519 984 3586 Senioritas
1006 3520 1043 3585 in
1065 3520 1193 3604 naaryin

846 3683 961 3738 Welker

847 3773 992 3843 Goldwell)

355 3941 429 3996 Item
440 3940 539 3996 eodem
550 3938 730 4010 dispensatur
741 3957 806 3994 oum
818 3939 953 4010 magistro
970 3939 1024 3994 Isee
1040 3956 1091 4011 pro
1108 3939 1286 4011 responsione
1302 3957 1354 3994 sua
1369 3939 1406 3994 ad
1422 3957 1508 4011 quam

425 4032 538 4083 tenetur
566 4027 596 4081 in
622 4026 755 4098 uesperiis
782 4027 961 4082 comitiorum
986 4027 1176 4098 proximorum
1205 4028 1314 4083 ratione
1336 4027 1439 4098 gradus
1463 4027 1509 4083 sui

424 4114 547 4185 sueoepti
565 4115 699 4184 quoniam
716 4113 764 4168 alii
785 4115 941 4184 inoeptores
959 4115 989 4169 in
1007 4114 1106 4170 eadem
1124 4114 1259 4169 facultate
1277 4115 1313 4170 ad
1332 4113 1361 4169 id
1383 4116 1509 4170 muneris

424 4201 623 4274 perficiendum
638 4205 784 4256 arctantur
800 4206 830 4255 ot
848 4201 937 4272 parati
954 4206 1022 4256 sunt
1057 4202 1098 4256 sio
1115 4207 1147 4256 vt
1163 4202 1254 4256 solvat
1270 4202 1448 4256 uniuersitati
1467 4220 1509 4258 vs

425 4299 476 4346 aut
488 4289 614 4361 disputet
625 4289 654 4344 in
667 4290 794 4360 proximo
805 4307 879 4343 auno
