3394 5114
329 339 391 406 266
738 395 739 398 ,
763 353 877 402 enses.
900 352 991 402 soon
1015 353 1037 401 a
1320 335 1487 422 [ista-73

328 509 434 567 Eadem
460 511 551 582 gratia
575 510 738 566 conceditur
764 513 798 564 28
826 507 995 564 Novembris
1022 510 1157 580 magistro
1182 509 1252 565 Tho.
1280 509 1381 565 Newce
1405 510 1485 565 Geor.

398 600 517 671 Bulleyn
537 599 673 670 theologie
689 598 784 654 bacch.
803 597 937 668 magistro
952 597 1033 653 Edm.
1052 597 1157 653 Hound
1175 598 1206 653 in
1224 596 1334 654 artibus
1350 599 1486 669 magistro

398 693 415 743 t
436 689 599 744 Decembris
619 687 741 744 Robertc
761 687 911 759 Whollayn
932 687 961 741 in
981 686 1091 742 artibus
1111 687 1246 758 magistro
1281 691 1299 742 6
1321 686 1417 742 Martii
1437 686 1485 743 W⁰

398 777 519 832 Stanton
541 776 698 832 inertibus
719 775 854 847 magistro
889 780 919 830 2⁰
938 775 1007 831 Maii
1024 775 1131 832 Jacobo
1149 774 1213 848 Byll
1230 775 1274 831 lo.
1294 775 1388 830 Ccoks
1408 793 1485 830 sacre

398 867 535 937 theologie
559 864 769 920 becchalaursis
789 865 929 919 Gwaltcrc
953 864 1060 920 Becker
1080 870 1110 920 et
1130 865 1199 920 Tho.
1221 864 1304 920 Wane
1325 865 1355 919 in
1375 863 1485 919 artibus

398 954 540 1024 magistris
572 959 602 1008 st
616 958 649 1008 19
658 952 676 1006 J
679 953 738 1008 unii
748 951 880 1008 Christos.
893 950 1032 1007 Kirkland
1044 969 1122 1007 sacre
1134 951 1272 1022 theologie
1285 950 1484 1007 baccheleureo

328 1041 497 1097 Conceditur
515 1045 548 1096 16
565 1041 728 1096 Decembris
744 1039 879 1111 magistro
890 1039 1000 1095 Adamo
1014 1038 1153 1112 Holidays
1165 1044 1197 1095 vt
1213 1038 1317 1094 habeat
1332 1040 1429 1096 literas
1440 1041 1484 1094 sui

397 1128 500 1199 gradus
511 1129 635 1201 suscepti
647 1129 784 1199 sigillatas
796 1126 887 1197 sigillo
899 1131 994 1182 vestio
1005 1127 1147 1182 communi

328 1216 498 1272 Conceditur
519 1221 554 1272 10
572 1217 679 1289 Aprilis
700 1222 733 1271 vt
754 1215 889 1286 magister
909 1214 1082 1286 Bridgwster
1102 1214 1207 1271 habeat
1226 1215 1322 1271 omnia
1339 1215 1487 1271 commoda

398 1305 544 1377 privilegia
561 1311 591 1362 st
608 1306 757 1378 pensiones
775 1323 830 1376 que
848 1309 915 1360 ante
932 1322 998 1360 eum
1016 1309 1140 1360 oratores
1159 1304 1318 1360 habuerunt

328 1393 498 1450 Conceditur
518 1399 547 1449 2⁰
567 1395 635 1449 Maii
656 1394 789 1465 quonism
810 1393 876 1448 edes
897 1393 1018 1465 quedem
1043 1393 1116 1449 inira
1137 1394 1285 1449 rectoriam
1308 1399 1429 1449 vestram
1450 1394 1486 1449 de

400 1482 519 1538 Bm'well
531 1499 620 1554 nuper
627 1482 730 1536 vicario
742 1480 867 1536 eimdsm
880 1481 1022 1552 assignate
1033 1485 1062 1536 et
1075 1499 1150 1536 nunc
1161 1483 1270 1536 ratione
1281 1481 1398 1538 alterius
1412 1487 1486 1537 tene

399 1571 487 1626 menti
500 1571 539 1625 illi
549 1571 672 1625 concessi
685 1569 721 1625 ad
730 1573 854 1625 vestram
865 1569 1068 1640 possessionem
1078 1573 1108 1624 et
1117 1570 1162 1624 ius
1168 1571 1486 1626 reuerseiudimiseione

399 1659 513 1714 firmarii
535 1659 660 1714 eiusdem
679 1659 797 1714 rectoris
816 1674 872 1712 non
893 1658 1075 1713 continentur
1093 1662 1123 1712 et
1143 1657 1206 1712 ideo
1226 1658 1334 1713 incuria
1351 1663 1381 1712 st
1400 1658 1485 1729 negli-

399 1748 494 1818 gentia
511 1765 576 1802 cum
595 1747 691 1803 vicarii
713 1751 776 1802 tum
795 1745 911 1802 firmarii
930 1746 1010 1803 valde
1028 1752 1096 1802 sunt
1117 1747 1230 1802 ruinose
1247 1747 1340 1819 placet
1358 1747 1436 1803 vobis
1454 1751 1486 1802 vt

398 1837 530 1892 dominus
548 1837 790 1892 vicecancellarius
808 1836 936 1891 doctores
955 1835 1060 1891 Pearne
1078 1840 1108 1890 et
1126 1835 1233 1890 Horvis
1251 1841 1279 1891 et
1297 1837 1405 1891 domini
1423 1853 1485 1908 pro-

399 1932 541 1980 curatores
562 1925 686 1981 hebeant
707 1931 829 1980 vestram
852 1925 1051 1980 auctoritatem
1071 1925 1115 1979 vel
1139 1925 1175 1980 ad
1197 1925 1373 1980 vendendum
1394 1923 1486 1978 dietas

399 2014 464 2069 edes
477 2015 520 2069 vel
537 2014 573 2070 ad
589 2014 738 2070 locandum
755 2018 840 2086 prout
851 2015 892 2070 sis
903 2013 1129 2069 commodissime
1142 2012 1284 2069 videbitur
1300 2031 1351 2086 pro
1363 2013 1486 2068 utilitate

398 2103 541 2158 academie
552 2104 593 2158 sic
610 2107 642 2158 vt
654 2102 683 2158 id
700 2107 795 2158 ratum
811 2102 850 2158 sit
866 2102 941 2173 quod
958 2102 1047 2157 maior
1062 2119 1129 2174 pars
1144 2119 1240 2157 eorum
1252 2101 1406 2156 decreverit
1420 2104 1486 2155 ants

399 2190 504 2245 festum
517 2191 607 2245 sancti
621 2189 767 2245 Michaelis
778 2188 947 2260 Archangeli
961 2188 1120 2260 proximum

329 2280 499 2335 Conceditur
518 2283 553 2334 10
565 2279 646 2334 lunii
682 2278 776 2348 Quum
794 2297 867 2351 pena
885 2279 988 2334 statuti
1006 2279 1089 2335 modo
1107 2279 1173 2333 lecti
1192 2277 1274 2334 valde
1290 2279 1383 2350 gravis
1401 2278 1440 2333 sit
1456 2283 1487 2332 st

333 2365 336 2368 ’
399 2370 482 2441 plena
499 2367 614 2439 periculi
629 2371 726 2440 vtpote
738 2369 852 2439 pantini
866 2367 961 2423 Placet
974 2367 1053 2424 vobis
1065 2373 1097 2424 vt
1109 2368 1206 2424 sedem
1223 2387 1295 2440 pena
1307 2371 1487 2424 convertatur

401 2459 431 2512 in
450 2457 586 2512 mulctam
603 2457 790 2529 quadraginta
807 2457 959 2513 solidorum
978 2463 1008 2512 et
1026 2463 1058 2512 vt
1075 2457 1178 2529 singuli
1196 2459 1226 2513 in
1244 2463 1387 2530 posterum
1406 2474 1486 2528 coop

402 2547 481 2603 tandi
500 2547 530 2601 iu
547 2546 673 2601 ordinem
692 2547 891 2620 magistrorum
909 2547 939 2626 in
957 2546 1067 2602 artibus
1084 2547 1138 2602 sub
1155 2547 1340 2618 stipulacione
1355 2547 1405 2601 xls
1423 2563 1486 2601 cum

402 2634 502 2690 idoneo
521 2634 681 2689 fideiussore
700 2633 860 2705 obligentur
877 2632 992 2690 domino
1012 2634 1236 2690 vicecancellario
1256 2639 1323 2690 ante
1343 2633 1487 2689 admissio-

402 2741 466 2778 nem
486 2722 522 2778 ad
545 2722 709 2794 diligentem
727 2721 935 2778 observantiam
956 2721 1025 2777 dicti
1047 2723 1149 2778 statuti
1170 2727 1200 2777 et
1220 2726 1253 2778 vt
1276 2722 1327 2778 hec
1347 2722 1488 2777 concessio

403 2815 496 2866 vestra
518 2827 568 2880 pro
589 2814 699 2864 statuto
719 2808 859 2865 habeatur
878 2814 909 2864 et
928 2809 1005 2864 dicto
1026 2813 1136 2865 statuto
1156 2809 1314 2866 ascribatur
1331 2815 1361 2865 et
1379 2810 1487 2864 dictum

403 2903 545 2954 statutum
573 2898 726 2969 quotannis
752 2897 860 2969 legatur
884 2897 914 2952 in
937 2898 1106 2954 admissione
1129 2899 1304 2970 inceptorum
1324 2899 1355 2954 in
1380 2897 1489 2953 artibus

404 2989 579 3062 (statutum¹
597 3006 649 3060 pro
666 2987 858 3060 disputatione
875 2987 1074 3059 magistrorum
1093 2989 1122 3044 in
1140 2989 1317 3060 philosophia
1334 2987 1433 3060 marg.)

194 3072 286 3132 illl
301 3071 320 3130 b
333 3079 503 3136 Conceditur
525 3082 558 3133 10
579 3078 659 3134 lunii
679 3082 712 3133 vt
733 3082 827 3133 vestra
850 3077 1020 3132 auctoritate
1043 3081 1189 3132 statuatur
1209 3095 1244 3132 ne
1264 3077 1330 3148 quis
1353 3076 1490 3149 prelecter

403 3185 516 3223 annuus
545 3167 575 3220 in
605 3169 749 3238 posterum
779 3181 831 3219 sua
855 3165 915 3220 vics
939 3164 1027 3219 alium
1055 3164 1237 3236 prelectorem
1264 3164 1339 3219 vltra
1362 3164 1488 3219 tridimm

405 3255 562 3312 substituat
585 3254 640 3309 nisi
665 3253 779 3313 maioris
802 3254 892 3325 partis
915 3253 1005 3308 totius
1033 3253 1154 3307 Senatus
1182 3253 1350 3324 Regentium
1377 3257 1408 3307 et
1434 3269 1490 3306 non

406 3345 573 3416 Regentium
591 3342 759 3398 auctoritate
777 3341 981 3396 interveniente
997 3339 1051 3395 sub
1068 3358 1142 3412 pena
1159 3341 1208 3396 rls
1226 3342 1301 3396 inter
1318 3341 1490 3396 academiam

406 3435 599 3505 procuratores
616 3435 647 3485 st
663 3429 787 3486 bedellos
804 3426 1063 3484 distribuendorum

335 3521 506 3578 Conceditur
518 3523 552 3576 19
564 3519 581 3574 J
585 3519 645 3574 unii
657 3521 690 3572 vt
701 3535 799 3576 omnes
810 3515 979 3588 pensionarii
992 3519 1022 3572 et
1037 3517 1163 3571 extranei
1175 3516 1279 3587 quibus
1291 3516 1382 3587 gretia
1395 3516 1491 3587 aliqua

406 3609 442 3666 ad
462 3625 668 3680 quemcumque
688 3602 807 3677 gradum
827 3603 1038 3676 suscipiendum
1062 3605 1091 3659 in
1112 3603 1207 3675 aliquo
1223 3604 1341 3675 senago
1360 3621 1491 3661 concessa

406 3699 445 3754 sit
456 3698 487 3752 iu
498 3697 595 3752 eodem
608 3695 722 3767 enegio
734 3695 875 3750 convivari
888 3698 1039 3749 teneantur
1050 3698 1081 3748 et
1096 3711 1176 3765 pmes
1187 3699 1320 3765 sumptus
1331 3710 1396 3748 cum
1407 3693 1491 3748 sociis

405 3791 436 3842 et
456 3784 640 3858 pensionariis
660 3783 785 3839 eiusdem
807 3782 914 3854 collegii
936 3783 965 3837 in
987 3783 1073 3838 simili
1093 3799 1178 3838 causa
1197 3782 1290 3837 ferent
1311 3800 1361 3854 pro
1381 3781 1491 3836 ratione

405 3875 508 3948 gradus
528 3873 581 3929 sub
602 3890 675 3945 pena
694 3872 720 3943 vj
730 3872 750 3927 li
771 3871 862 3928 sidem
881 3871 995 3942 collegio
1013 3871 1243 3944 applicandorum
1262 3871 1325 3942 (sic)
1342 3876 1372 3925 et
1389 3876 1422 3925 vt
1440 3870 1492 3925 hee

405 3963 546 4020 concessio
564 3980 616 4034 pro
633 3965 743 4017 statuto
761 3960 899 4017 habeatur
1053 4015 1065 4044 ·

336 4053 506 4110 Conceditur
523 4055 558 4106 23
574 4051 654 4106 Junii
691 4050 763 4106 Cum
781 4049 947 4122 compositio
966 4048 1040 4104 inter
1057 4049 1272 4104 uniuersitatem
1290 4053 1320 4103 et
1337 4047 1493 4120 oppidanos

407 4142 482 4197 fecta
502 4141 558 4196 iam
580 4137 689 4212 pridem
709 4139 791 4194 linita
812 4139 910 4195 multis
931 4143 961 4194 et
984 4138 1095 4210 magnis
1116 4137 1301 4194 incommodis
1319 4137 1492 4193 academiam

342 4257 347 4262 ·
407 4230 511 4285 afficiat
531 4228 599 4284 dum
623 4227 734 4300 publice
755 4227 848 4300 platee
872 4227 938 4283 fimo
958 4231 988 4283 et
1012 4225 1141 4282 sordibus
1162 4226 1275 4299 epplet'e
1295 4226 1388 4282 iacent
1409 4231 1439 4282 st
1462 4227 1493 4282 in

430 4397 439 4428 ¹
457 4397 562 4449 Statuts
573 4394 600 4444 ol
611 4392 672 4443 Feb.
686 4393 725 4454 11,
741 4393 814 4442 1541.
848 4392 957 4443 Printsd
969 4393 997 4443 in
1008 4391 1053 4443 the
1065 4395 1171 4444 8111111111
1182 4393 1210 4443 ol
1222 4393 1296 4452 list,
1309 4407 1334 4456 p.
1348 4393 1404 4444 119.
