3378 5116
341 337 403 400 101
773 347 1003 398 0010100011
1026 348 1049 395 n
1333 331 1497 418 [1554-55

410 502 551 558 Metthem
564 501 582 555 J
584 501 669 556 oanni
682 500 797 556 Berrett
806 500 925 572 Georgio
935 500 1073 556 Gardiner
1084 499 1102 554 J
1104 500 1189 556 oanrri
1202 499 1345 572 Dawbnsy
1354 499 1498 572 Stephano

409 588 548 646 Woorleio
559 594 590 645 et
601 588 743 644 Willelmo
756 589 878 644 Hudson

339 677 414 732 11011
437 675 600 732 conceditur
625 675 748 731 Haurico
773 675 913 730 Heuman
937 681 971 731 vt
995 680 1012 731 9
1036 675 1151 731 termini
1176 675 1308 748 completi
1339 674 1369 729 in
1393 673 1498 746 quibus

409 765 543 820 lectiones
567 764 724 819 ordinaries
748 763 860 818 audiuit
884 763 951 818 11001
975 781 1033 818 101
1057 764 1172 819 omnino
1197 763 1351 818 secundum
1377 764 1497 818 formem

409 854 513 910 statuti
530 871 595 908 oum
612 853 838 925 oppositionibus
855 856 886 909 et
903 853 1132 924 responsionibus
1150 854 1294 924 requisitis
1312 852 1454 908 sufficient
1471 853 1497 908 ei

408 941 444 997 ad
466 942 588 996 finaliter
609 939 855 996 determinandum
877 959 942 996 cum
964 941 1065 996 ceteris
1089 941 1174 996 huius
1196 943 1264 996 anni
1289 940 1497 996 bacchalaureis

409 1031 456 1086 111
476 1029 552 1100 quod
576 1030 636 1084 eius
660 1028 782 1085 eruditio
806 1030 983 1084 examinetur
1007 1033 1037 1084 et
1060 1030 1232 1102 approbetur
1252 1047 1303 1102 per
1323 1029 1497 1101 oppositores

407 1119 492 1174 huius
510 1119 578 1173 enni
596 1123 626 1174 01
644 1124 702 1173 0101
720 1118 750 1172 11
768 1117 871 1172 sobolis
890 1135 940 1189 per
957 1118 1095 1189 reliquam
1115 1118 1357 1190 quadragesimam

338 1205 445 1262 Eadem
461 1207 552 1277 gratie
567 1205 603 1262 de
619 1205 704 1260 verbo
721 1206 750 1261 in
769 1203 887 1261 verbum
903 1206 1069 1262 conceditur
1085 1207 1225 1262 Richerdo
1243 1207 1378 1262 Godirido

339 1295 413 1350 Item
441 1293 604 1350 conceditur
630 1293 744 1348 Ardone
769 1292 895 1348 Waierer
919 1297 952 1347 vt
979 1297 1012 1347 12
1038 1294 1152 1349 termini
1180 1295 1311 1366 completi
1337 1295 1369 1348 irr
1393 1292 1496 1365 quibus

408 1383 564 1440 ordinarias
580 1383 714 1438 lectiones
731 1399 781 1452 per
796 1383 930 1437 mniorem
950 1386 1060 1453 partem
1078 1384 1108 1436 in
1125 1387 1186 1438 toto
1203 1383 1314 1438 audiuit
1330 1400 1395 1438 oum
1412 1399 1496 1454 oppo

408 1473 560 1529 ditionibus
571 1476 601 1527 et
613 1470 842 1544 responsionibus
857 1471 1001 1542 requisitis
1016 1472 1096 1526 iuxta
1110 1473 1228 1528 rounam
1242 1473 1344 1528 statuti
1357 1472 1497 1528 sufficiant
1557 1524 1559 1528 .

408 1563 434 1617 01
447 1561 722 1633 adrespondendum
733 1561 875 1631 questioni
1480 1589 1486 1594 -

339 1650 414 1706 Item
431 1650 594 1706 conceditur
610 1648 750 1704 Richardo
768 1649 948 1704 Stackhowse
960 1654 993 1704 vt
1011 1653 1044 1704 12
1056 1649 1171 1704 termini
1188 1649 1321 1722 completi
1338 1667 1402 1704 cum
1417 1666 1450 1703 eo
1465 1649 1495 1702 iu

409 1757 466 1810 quo
482 1741 526 1792 est
542 1737 782 1792 determinaturus
799 1737 828 1790 in
846 1736 950 1808 quibus
966 1737 1101 1792 lectiones
1118 1737 1274 1793 ordinarias
1293 1755 1343 1809 per
1360 1737 1495 1791 maiorem

409 1833 519 1898 partem
537 1827 567 1880 in
586 1830 647 1881 toto
665 1825 776 1880 audiuit
795 1842 859 1879 cum
879 1825 1106 1896 opposicionibus
1124 1830 1154 1881 et
1170 1826 1399 1898 responsionibus
1416 1825 1496 1880 iuxta

408 1915 528 1970 10111111
540 1914 643 1968 statuti
656 1912 801 1984 requisitis
813 1912 957 1967 sufficient
968 1911 993 1966 01
1007 1911 1044 1967 ed
1056 1912 1283 1985 respondendum
1296 1913 1438 1984 questioni

339 2003 580 2058 Determinatoree
598 2001 706 2070 collegii
725 1999 836 2070 Regalis
855 1999 908 2054 hoc
926 2017 1001 2054 enno
1017 1999 1122 2070 quibus
1138 2001 1216 2056 nulla
1233 2002 1290 2056 ruit
1306 2000 1423 2056 obtenta
1440 2000 1495 2055 dis-

408 2090 536 2162 pensatio
548 2093 616 2144 sunt
627 2089 734 2143 domini
748 2088 864 2142 Browue
877 2087 978 2142 0111110
991 2088 1101 2159 Popson
1115 2089 1204 2144 Ruste
1217 2089 1334 2160 Brysley
1346 2088 1448 2143 Wnrde

216 2177 413 2236 stobrum
435 2177 597 2233 conceditur
615 2176 756 2230 Willelmo
775 2176 933 2231 Woodoson
953 2180 984 2230 vt
1003 2180 1036 2230 12
1054 2177 1169 2232 termini
1191 2177 1343 2248 inquibus
1363 2177 1496 2232 lectiones

408 2265 563 2320 0111101110
580 2264 692 2319 audiuit
709 2263 776 2318 licet
793 2281 850 2318 non
869 2263 983 2318 omnino
1002 2264 1157 2319 secundum
1174 2267 1293 2320 formam
1311 2265 1413 2320 01111111
1431 2281 1497 2320 cum

407 2352 632 2426 oppositionibus
652 2358 683 2407 et
704 2351 932 2423 responsionibus
954 2351 1099 2422 requisitis
1119 2353 1262 2407 sufficiant
1280 2353 1307 2407 ei
1326 2353 1363 2408 ed
1383 2369 1496 2423 respon·

406 2441 532 2497 dendum
550 2440 691 2512 questioni

337 2528 444 2584 Eadem
464 2530 557 2600 grstia
576 2528 612 2583 de
632 2526 718 2582 verbo
739 2527 768 2580 in
788 2525 905 2581 verbum
926 2527 1090 2582 conceditur
1115 2529 1237 2584 Henrico
1260 2529 1349 2601 Boyes
1373 2528 1496 2583 Roberto

408 2618 566 2673 Landsdale
590 2616 740 2672 Francisco
765 2616 857 2671 Ridell
882 2616 1005 2671 Roberto
1027 2617 1164 2688 Goldinge
1189 2618 1297 2673 Thome
1321 2619 1443 2690 Puryiye
1466 2621 1496 2672 et

348 2751 351 2758 .
408 2704 533 2760 Waltero
552 2705 641 2760 ste

339 2793 413 2848 ltem
436 2793 598 2848 conceditur
622 2791 794 2847 Christofero
819 2791 983 2847 Hsurrursto
1003 2799 1034 2848 vt
1060 2798 1092 2848 ll
1113 2795 1227 2849 termini
1247 2812 1312 2850 oum
1332 2812 1365 2850 eo
1386 2794 1416 2848 in
1438 2811 1495 2864 quo

408 2880 648 2936 determinaturus
659 2880 746 2934 estin
758 2879 861 2951 quibus
870 2879 1026 2936 ordinaries
1035 2881 1168 2938 lectiones
1181 2901 1231 2954 per
1240 2883 1374 2938 maiorem
1386 2886 1494 2954 partem

408 2969 438 3023 in
457 2973 518 3023 1010
536 2967 648 3044 audiuit
663 2985 727 3022 curn
746 2967 970 3039 oppositionibus
988 2975 1018 3023 et
1035 2970 1262 3041 responsionibus
1280 2971 1359 3026 iuste
1376 2971 1495 3026 formem

409 3057 511 3112 statuti
524 3055 667 3126 requisitis
678 3055 819 3110 sufficient
830 3056 856 3109 ei
868 3054 905 3109 ad
916 3056 1140 3127 respondendum
1153 3059 1294 3128 questioni

338 3145 445 3202 Eadem
457 3145 548 3217 gratia
559 3144 594 3200 de
607 3144 691 3199 verbo
704 3145 732 3199 iu
745 3143 862 3199 verbum
875 3144 1038 3200 conceditur
1050 3147 1189 3202 Gulielmo
1202 3147 1366 3203 Bomsdello

338 3235 414 3290 Item
437 3233 601 3288 conceditur
624 3231 728 3286 Joanni
752 3233 894 3288 Thomson
923 3237 954 3287 111
980 3239 1013 3288 12
1038 3236 1152 3290 termini
1177 3237 1308 3308 completi
1335 3237 1364 3290 in
1392 3234 1496 3306 quibus

408 3322 541 3377 lectiones
565 3319 721 3375 ordinaries
744 3318 856 3374 audiuit
876 3337 927 3391 per
946 3322 1080 3377 maiorem
1100 3325 1257 3393 partemin
1277 3328 1338 3379 1010
1356 3325 1421 3380 11001
1439 3341 1496 3379 101

408 3411 523 3466 omnino
547 3409 702 3466 secundum
726 3409 845 3464 formam
870 3411 972 3465 statuti
997 3429 1061 3466 cum
1086 3413 1308 3484 oppositionibus
1332 3419 1362 3469 01
1384 3431 1497 3487 respon·
1573 3409 1585 3430 ¹

408 3499 534 3556 sionibus
551 3499 695 3568 requisitis
712 3497 853 3552 sufficiant
871 3497 897 3552 ei
915 3497 951 3552 ad
971 3498 1196 3569 respondendum
1214 3502 1354 3573 questioni

339 3589 413 3644 Item
431 3587 593 3643 conceditur
610 3587 717 3642 Thome
733 3586 855 3658 Byramo
872 3591 904 3641 vt
924 3591 956 3642 12
973 3589 1087 3643 termini
1106 3588 1237 3660 completi
1256 3591 1286 3644 in
1304 3591 1408 3660 quibus
1424 3589 1495 3644 ordi-

407 3678 502 3732 ner-ias
509 3675 642 3730 lectiones
649 3675 760 3730 audiuit
767 3692 818 3746 per
826 3675 958 3729 maiorem
970 3677 1120 3746 partemin
1130 3681 1191 3732 1010
1199 3695 1263 3732 cum
1273 3677 1496 3749 oppositionibus

407 3769 437 3821 et
448 3764 675 3836 responsionibus
686 3780 737 3834 per
748 3767 858 3817 01111111
869 3763 1012 3834 requisitis
1024 3764 1166 3819 sufficiant
1179 3765 1205 3819 ei
1218 3764 1253 3819 111
1270 3764 1494 3836 respondendum

407 3855 548 3926 questioni

339 3947 414 4002 Item
437 3944 599 4001 conceditur
620 3943 751 4016 Philippo
770 3944 896 3999 Howlett
912 3944 1068 4016 presbitero
1093 3951 1125 3998 vt
1144 3948 1177 3998 12
1195 3944 1309 3998 termini
1328 3944 1432 4014 partim
1451 3943 1496 3998 hio

407 4034 512 4106 partim
525 4032 640 4087 01011110
652 4033 682 4086 11
694 4032 798 4102 quibus
807 4032 940 4088 lectiones
949 4032 1105 4087 ordinaries
1116 4031 1228 4087 audiuit
1236 4033 1304 4087 licet
1313 4049 1369 4086 non
1382 4033 1496 4087 omnino

409 4122 562 4178 secundum
580 4123 699 4178 formam
715 4123 817 4177 statuti
836 4139 900 4176 cum
919 4120 1143 4192 oppositionibus
1159 4125 1189 4174 et
1207 4119 1435 4191 responsionibus
1454 4139 1496 4176 re·

409 4211 522 4282 quisitis
534 4211 676 4266 sufficiant
688 4211 713 4266 ei
726 4228 777 4282 pro
789 4210 936 4282 completis
950 4210 1039 4282 gradu
1050 4215 1080 4266 et
1094 4212 1185 4265 forma
1201 4210 1450 4266 becehalameatus
1467 4211 1496 4266 in

409 4301 518 4355 artibus
530 4305 560 4354 et
572 4300 660 4355 nihilo
673 4301 767 4355 minus
784 4301 949 4355 corrviuetur
967 4305 1025 4355 stet
1041 4301 1071 4354 in
1087 4299 1301 4370 quadragesime
1317 4317 1381 4354 oum
1398 4301 1499 4355 ceteris

409 4387 617 4444 becchelaureis
627 4407 661 4444 10
672 4398 765 4444 001010
776 4389 871 4444 omnis
882 4393 999 4461 peragat
1011 4389 1091 4444 iuxta
1102 4389 1220 4443 sormam
1234 4389 1338 4444 statuti
