3376 5108
333 355 374 421 70
780 371 1008 422 cnscn‘noorr
1032 375 1054 422 rr
1324 358 1487 444 [1550-51

333 525 407 580 Item
420 525 582 582 conceditur
593 525 611 582 J
613 525 697 582 osnni
711 526 872 582 Kettleston
885 531 917 582 vt
929 529 947 582 9
959 527 1073 582 termini
1086 527 1219 599 completi
1231 544 1296 582 cum
1310 526 1492 599 oppositioni·

405 613 457 668 bus
468 619 498 669 et
510 614 737 685 responsionibus
749 615 828 670 iuxts
839 615 958 671 sormam
970 615 1074 671 statuti
1087 615 1231 686 requisitis
1242 616 1384 672 sufficiant
1395 615 1420 670 ei
1434 615 1490 670 ism

404 699 544 757 decimum
557 701 680 773 ingresso
692 703 728 757 nd
740 701 965 775 respondendum
978 703 1120 775 questioni

335 789 409 844 Item
425 807 587 846 conoessum
600 797 644 846 cst
655 791 745 846 eidem
759 795 792 847 vt
803 809 903 847 novem
920 791 1034 848 termini
1051 809 1115 847 cum
1132 809 1165 847 eo
1182 791 1210 847 in
1229 808 1286 863 quo
1302 795 1345 848 est
1361 790 1491 847 determi-

405 881 524 933 naturus
536 896 600 934 cum
612 879 744 935 omnibus
755 880 980 952 oppositionibus
995 884 1026 936 st
1040 879 1267 952 responsionibus
1283 881 1362 935 iuxta
1373 879 1491 934 fonnem

404 966 506 1021 statuti
525 968 668 1038 requisitis
685 969 726 1024 sic
744 974 775 1024 vt
793 971 854 1024 eius
870 970 993 1025 eruditio
1010 969 1181 1042 approbetur
1199 969 1237 1025 ab
1254 967 1492 1026 examinatoribus

404 1053 545 1110 sufficient
557 1055 582 1111 ei
594 1056 630 1111 ad
643 1055 866 1128 respondendum
879 1057 1020 1128 questioni

215 1199 234 1256 f.
251 1199 288 1257 29
303 1218 322 1255 s
335 1201 408 1255 Item
427 1201 590 1257 conceditur
602 1203 742 1259 Richardo
754 1204 867 1260 Worme
882 1209 914 1260 vt
928 1209 958 1260 ll
978 1205 1092 1264 termini
1105 1223 1169 1261 cum
1189 1223 1222 1261 eo
1240 1205 1270 1260 in
1287 1222 1344 1276 quo
1359 1203 1490 1259 determi-

405 1295 524 1346 naturus
542 1295 586 1346 est
603 1291 632 1346 in
651 1291 756 1362 quibus
771 1279 906 1348 lectiones
922 1293 1078 1349 ordinaries
1095 1294 1207 1350 audiuit
1223 1293 1289 1349 licet
1305 1311 1360 1348 non
1377 1292 1491 1348 omnino

405 1375 559 1432 secundum
578 1376 697 1432 formem
715 1378 818 1433 statuti
835 1395 899 1434 curn
917 1379 1140 1450 oppositionibus
1155 1383 1186 1435 et
1202 1378 1429 1450 responsionibus
1443 1395 1493 1450 per

405 1465 480 1536 regis
492 1469 602 1521 statute
613 1466 757 1537 requisitis
769 1467 910 1523 sufficient
922 1469 947 1522 ei
960 1467 996 1524 sd
1009 1468 1233 1540 respondendum
1246 1469 1386 1540 questioni

336 1553 410 1608 Item
428 1553 591 1608 conceditur
607 1553 721 1609 Matheo
738 1554 834 1610 Geren
849 1559 882 1610 vt
897 1555 1045 1610 duodecim
1064 1556 1179 1611 termini
1196 1556 1327 1628 completi
1344 1555 1493 1628 inquibus

406 1641 538 1696 lectiones
566 1640 721 1696 ordinaries
744 1641 857 1698 audiuit
881 1643 947 1698 iioct
971 1659 1027 1697 non
1056 1643 1171 1698 omnino
1195 1643 1349 1699 secundnm
1373 1643 1492 1698 formum

405 1728 508 1784 statuti
520 1745 584 1783 cum
601 1727 825 1800 oppositionibus
842 1729 1069 1800 responsionibus
1081 1736 1111 1786 et
1127 1731 1191 1786 eliis
1206 1731 1346 1786 exercitiis
1358 1747 1408 1803 per
1418 1731 1494 1802 regis

406 1818 517 1869 stetuts
528 1813 671 1884 requisitis
682 1815 824 1872 sufficient
835 1816 861 1871 ei
873 1815 909 1871 sd
921 1815 1145 1887 respondendum
1158 1817 1299 1888 questioni

336 1902 442 1957 Eadem
463 1902 555 1973 gratis
570 1902 606 1958 de
624 1901 708 1958 verbo
727 1903 756 1959 in
774 1902 892 1960 verbum
910 1905 1073 1960 conceditur
1093 1905 1211 1976 Georgio
1230 1904 1368 1976 Hawsope
1388 1903 1493 1958 Jacobo

406 1990 609 2062 Weshingtono
620 1991 728 2048 Thonis
740 1992 841 2065 Colyer
856 1993 1005 2050 Edousrdo
1021 1993 1127 2049 Webbc
1139 1994 1247 2050 'rhome
1264 1993 1449 2066 Dyckensono
1464 1997 1494 2047 et

407 2077 514 2134 Thome
526 2079 620 2152 Degge

338 2167 410 2224 Item
436 2167 598 2224 conceditur
623 2169 761 2226 Richardo
784 2171 900 2226 Asteieo
923 2175 955 2226 vt
981 2175 1014 2226 12
1038 2171 1151 2226 termini
1180 2171 1312 2242 completi
1337 2171 1366 2225 in
1389 2169 1494 2240 quibus

407 2256 539 2312 lectiones
563 2255 718 2332 ordinaries
741 2257 853 2313 audiuit
876 2276 941 2313 cum
965 2255 1191 2330 oppositionibus
1214 2263 1245 2312 et
1268 2257 1494 2330 responsionibus

407 2343 561 2400 secundum
574 2360 646 2398 nova
658 2344 730 2416 regis
742 2349 852 2400 statuta
864 2345 1008 2416 requisitis
1020 2345 1162 2400 sufficiant
1174 2345 1199 2400 ei
1216 2345 1253 2400 nd
1269 2345 1493 2418 respondendum

407 2431 548 2503 questioni

339 2519 412 2574 Item
433 2519 595 2574 conceditur·
617 2517 744 2573 Antonio
768 2517 858 2573 Jebbe
882 2521 914 2572 vt
940 2518 1106 2573 letemini
1126 2517 1257 2589 completi
1279 2534 1344 2572 cum
1363 2517 1494 2573 omnibus

326 2645 330 2652 -
407 2605 632 2679 oppositionibus
659 2610 688 2661 et
714 2605 943 2676 responsionibus
969 2605 1048 2660 iurts
1076 2605 1195 2660 formam
1224 2606 1326 2660 statuti
1351 2606 1495 2678 requisitis

407 2695 549 2751 sufficient
565 2694 591 2750 ei
610 2693 646 2750 sd
664 2693 890 2766 respondendum
908 2693 1049 2766 questioni

338 2783 444 2840 iisdem
461 2783 553 2855 grstia
571 2783 607 2837 de
625 2782 710 2838 verbo
728 2783 757 2837 in
775 2781 892 2838 verbum
912 2781 1075 2837 conceditur
1095 2779 1199 2836 Joenni
1223 2779 1319 2836 Bsnlro
1338 2786 1368 2835 et
1390 2779 1495 2836 Joenni

408 2872 485 2928 Foxo
903 2875 905 2879 ’

339 2960 578 3016 Determinatores
595 2959 701 3030 collegii
721 2959 832 3030 Regelis
850 2958 903 3013 hoo
921 2975 996 3012 suno
1015 2958 1063 3029 qui
1085 2973 1142 3012 non
1161 2955 1305 3028 petierunt
1321 2957 1426 3027 gratiss
1444 2974 1495 3012 nec

408 3047 560 3118 quicquam
572 3047 717 3102 sciverunt
733 3062 784 3118 pro
800 3045 999 3101 exonereoions
1014 3044 1186 3101 consciencie
1203 3049 1273 3100 sunt
1287 3043 1395 3100 domini
1412 3045 1496 3100 Perre

408 3137 520 3208 Ooupsr
531 3135 634 3191 Semon
647 3134 741 3190 Leues
753 3141 783 3190 et
795 3134 980 3206 Busshefyide

339 3225 413 3302 Item
431 3223 593 3279 conceditur
610 3223 725 3279 domino
741 3222 848 3295 Jcfficy
864 3223 999 3294 superiori
1017 3222 1063 3277 die
1078 3222 1201 3277 sdmisso
1218 3221 1254 3277 sd
1271 3221 1494 3294 respondendum

409 3312 549 3384 questioni
569 3313 608 3368 sit
628 3317 694 3368 ectu
715 3311 933 3369 bscobsiuureus
952 3312 1058 3368 ortium
1077 3312 1211 3382 quonism
1231 3312 1358 3382 proxime
1376 3309 1495 3383 quadra·

408 3401 514 3472 gesimo
526 3405 640 3472 propter
648 3400 834 3472 egritudinem
845 3400 942 3456 edesse
951 3417 1007 3455 uon
1017 3401 1112 3471 potuit
1123 3403 1153 3455 et
1165 3401 1291 3455 futurem
1301 3401 1361 3454 sine
1373 3400 1496 3454 maximo

409 3506 461 3544 suo
472 3489 618 3561 dispendio
630 3493 776 3561 expectere
788 3505 844 3544 non
857 3493 952 3559 potest
