3394 5114
357 266 421 334 118
791 285 1019 334 0010000011
1043 287 1065 332 Δ
1343 269 1508 352 [1563-64

428 458 492 494 nem
504 441 625 495 sufficiat
637 442 662 495 ei
675 441 710 496 ad
724 441 915 512 incipiendum
929 440 958 494 in
968 440 1065 496 eadem
1075 440 1209 495 facultate
1218 440 1259 495 sic
1268 439 1369 494 010100
1378 438 1509 493 admissio

428 532 484 582 stet
497 546 547 599 pro
559 529 705 600 completis
717 528 804 600 gradu
817 534 846 583 et
858 528 989 582 formast
1001 528 1040 582 sit
1052 532 1118 582 actu
1130 527 1228 582 doctor
1236 527 1369 597 quoniam
1378 531 1509 580 ’00000100

428 616 464 670 ad
482 621 576 687 001100
592 617 717 673 boreales
734 617 864 688 desperet
883 633 913 671 so
930 633 1107 670 accessurum
1125 613 1161 670 ad
1177 616 1293 670 comitia
1309 615 1436 686 proxima
1471 614 1510 669 010

430 710 526 760 tamen
540 710 572 761 01
584 707 748 761 convivetur
779 706 960 760 Presentatus
972 721 1021 774 001
1032 703 1174 759 docterem
1188 704 1275 758 Perne

130 931 156 939 ,-
180 930 196 941 ..
235 845 256 905 f·
273 843 344 904 7611
359 859 528 917 Conceditur
546 865 580 916 28
598 861 727 916 ianuarii
746 861 879 932 magistro
899 860 1020 914 Roberto
1040 859 1177 914 Beamont
1195 865 1227 914 vt
1245 860 1372 916 studium
1390 865 1510 930 quatuor

429 965 567 1003 annorum
584 949 613 1003 in
630 949 769 1019 theologia
781 952 846 1019 0001
861 946 978 1018 gradum
996 945 1172 1001 bachelaurei
1189 947 1219 1002 in
1237 946 1333 1002 eadem
1348 950 1510 1016 susceptum

429 1052 493 1089 cum
506 1034 728 1107 oppositionibus
740 1034 967 1106 responsionibus
983 1033 1160 1089 sermonibus
1177 1040 1206 1088 et
1224 1035 1288 1089 aliis
1304 1034 1444 1089 exercitiis
1462 1050 1511 1104 per

429 1129 539 1178 statuta
549 1125 636 1195 Regia
647 1124 792 1194 requisitis
804 1124 926 1178 sufficiat
938 1125 963 1177 ei
975 1123 1012 1178 ad
1024 1123 1216 1193 incipiendum
1228 1124 1258 1178 in
1270 1139 1349 1177 sacra
1361 1122 1499 1192 theologia

360 1210 529 1266 Conceditur
541 1217 573 1267 21
587 1212 605 1267 J
607 1214 668 1268 unii
679 1214 741 1282 (sic)
754 1217 786 1268 01
795 1213 939 1284 responsio
951 1213 1149 1284 theologicaad
1161 1230 1248 1284 quam
1254 1217 1369 1268 tenetur
1380 1212 1512 1282 magister

430 1300 556 1370 inceptor
581 1301 738 1357 Beamount
762 1302 871 1356 ratione
889 1301 992 1372 gradus
1010 1303 1053 1356 sui
1073 1301 1243 1372 suscipiendi
1262 1300 1352 1372 possit
1369 1299 1463 1372 peragi
1481 1299 1511 1352 in

429 1389 564 1458 vesper-iia
575 1390 753 1444 comitiorum
766 1391 956 1460 proximorum
967 1395 997 1442 et
1009 1393 1066 1444 stet
1077 1407 1128 1460 pro
1141 1391 1230 1443 forma
1242 1405 1294 1444 sua

360 1474 529 1530 Conceditur
551 1480 581 1530 ll
605 1476 751 1531 Februarii
775 1475 927 1532 maerendo
949 1477 978 1531 in
1000 1476 1114 1532 Christo
1134 1476 1209 1546 patri
1231 1475 1311 1530 Edm
1336 1473 1511 1530 Londonensi

430 1564 559 1634 episcopo
569 1565 735 1621 vtstudium
745 1569 924 1620 1200001001
937 1564 967 1620 in
979 1565 1119 1636 theologia
1130 1570 1196 1636 post
1206 1565 1323 1636 gradum
1336 1561 1513 1619 bachalaurei

430 1653 460 1706 in
472 1652 568 1707 eadem
581 1659 743 1725 susceptum
756 1673 820 1709 cum
832 1654 942 1710 duobus
954 1653 1130 1709 sermonibus
1143 1672 1198 1708 vno
1210 1653 1246 1708 ad
1258 1653 1363 1707 clerum
1376 1652 1463 1706 altero
1475 1649 1510 1704 ad

431 1755 540 1792 crucem
555 1739 634 1794 Pauli
647 1739 823 1811 perficiendis
835 1741 909 1795 infra
920 1758 1027 1795 annum
1039 1745 1103 1811 0001
1115 1740 1176 1795 eius
1185 1739 1383 1795 admissionem
1392 1737 1513 1793 sufficiat
1546 1725 1556 1734 “

431 1829 456 1882 01
469 1827 506 1882 ad
519 1828 710 1900 incipiendum
722 1830 752 1884 in
765 1847 844 1884 sacra
856 1829 996 1900 theologia
1008 1829 1049 1885 110
1059 1834 1091 1884 01
1101 1830 1189 1901 possit
1201 1828 1314 1884 admitti
1328 1827 1364 1882 ad
1376 1827 1512 1898 placitum

362 1957 365 1962 .
430 1935 448 1970 a
459 1916 573 1972 domino
586 1918 801 1988 procancellario
813 1918 873 1973 sive
884 1919 920 1972 ab
932 1919 1027 1989 aliquo
1039 1916 1151 1972 doctore
1169 1917 1197 1971 in
1214 1917 1312 1972 sedem
1330 1916 1464 1970 facultate
1476 1914 1512 1970 ab

431 2021 463 2058 eo
475 2004 632 2060 substituto
645 2007 745 2060 sivein
759 2006 880 2061 termino
893 2006 952 2060 sive
964 2010 1043 2060 extra
1055 2007 1206 2060 terminum
1220 2005 1260 2059 sic
1270 2008 1301 2058 vt
1310 2004 1371 2059 eius
1380 2003 1513 2059 admissio

430 2097 487 2146 stet
500 2093 525 2148 ei
538 2111 589 2164 pro
601 2094 748 2166 completis
760 2093 848 2165 gradu
861 2099 890 2150 et
902 2095 992 2150 forma
1005 2095 1045 2149 ita
1058 2099 1153 2148 tamen
1164 2100 1196 2148 01
1205 2093 1362 2148 satisfaciat
1374 2091 1514 2147 officiariis

360 2178 443 2232 Mem.
458 2179 533 2250 quod
545 2180 686 2236 admissus
698 2186 741 2236 est
754 2182 783 2236 in
796 2181 901 2252 palatio
913 2199 964 2236 000
975 2180 1143 2236 londinensi
1154 2197 1204 2250 001
1213 2179 1355 2234 doctorem
1362 2177 1514 2234 Coverdale

433 2270 465 2318 lb
482 2267 589 2338 Aprilis
609 2271 678 2323 1504
695 2287 713 2323 0
729 2268 806 2324 111010
820 2267 1034 2338 procancellario
1049 2266 1238 2322 substitutum
1274 2267 1354 2322 Sicut
1371 2271 1515 2337 00101001

431 2351 574 2423 publicum
587 2355 808 2410 instrumentum
820 2355 886 2410 inde
898 2356 1056 2411 confectum
1069 2360 1099 2410 et
1111 2371 1260 2410 remanens
1269 2355 1299 2408 in
1308 2354 1429 2410 archivis
1438 2353 1514 2408 dicte

431 2441 623 2496 uniuersitatis
661 2441 735 2497 Item
747 2443 928 2498 concionatus
940 2449 983 2497 est
995 2443 1031 2497 ad
1044 2443 1149 2498 clerum
1161 2447 1178 2496 4
1191 2443 1208 2498 J
1211 2442 1260 2497 ulii
1275 2441 1320 2497 die
1335 2441 1514 2497 comitiorum

430 2546 480 2600 per
492 2531 659 2600 magistrum
671 2530 689 2585 J
691 2531 831 2586 ohannem
843 2531 961 2602 Younge
972 2531 1147 2602 capellanum
1160 2548 1244 2586 suum

360 2617 531 2673 Conceditur
546 2619 588 2688 xj⁰
605 2617 748 2673 Februarii
762 2621 896 2690 magistro
909 2619 1011 2674 Stokcs
1023 2625 1055 2674 vt
1066 2619 1194 2675 studium
1207 2638 1224 2674 x
1236 2636 1375 2674 annorum
1390 2619 1419 2673 in
1436 2617 1514 2672 theo·

431 2703 504 2773 logia
524 2708 589 2774 post
609 2704 727 2775 01011010
747 2705 925 2760 110011010οτ01
947 2707 977 2760 10
998 2705 1096 2761 cadem
1118 2706 1251 2761 facultate
1268 2712 1431 2776 susceptum
1449 2722 1515 2760 cum

431 2789 542 2846 duobus
556 2790 732 2847 sermonibus
747 2810 802 2847 vno
818 2793 853 2848 ad
872 2793 1009 2864 populum
1025 2792 1158 2847 01011010
1172 2792 1208 2846 ad
1225 2810 1335 2847 crucem
1354 2793 1431 2848 Pauli
1449 2809 1514 2847 cum

431 2878 656 2949 oppositionibus
669 2885 698 2934 01
710 2881 938 2951 responsionibus
955 2898 1005 2952 per
1019 2886 1130 2936 statuta
1143 2881 1219 2951 regia
1235 2881 1380 2950 requisitis
1394 2880 1517 2934 sufficiat

431 2965 456 3018 01
469 2982 520 3036 010
531 2966 678 3037 completis
689 2967 778 3038 gradu
790 2972 819 3022 et
831 2968 921 3022 forma
933 2969 964 3022 in
975 2967 1073 3024 eadem
1087 2968 1222 3022 facultate
1233 2968 1274 3022 sic
1286 2973 1382 3022 tamen
1391 2973 1423 3023 01
1432 2968 1515 3022 satis-

432 3053 517 3107 faciat
529 3054 668 3109 officiariis
706 3056 888 3111 Presentatus
901 3060 945 3110 001
957 3074 1007 3127 per
1017 3057 1160 3111 doctorem
1174 3057 1261 3110 Perna

240 3207 262 3268 f.
278 3205 316 3265 77
331 3225 349 3263 0
363 3211 533 3267 Conceditur
544 3212 571 3282 xj
588 3211 732 3274 Februarii
749 3214 883 3283 magistro
896 3213 1041 3269 Goodman
1055 3213 1348 3270 westmonasteriensi
1359 3213 1464 3269 decano
1484 3221 1517 3268 vt

433 3299 561 3354 studium
579 3318 598 3353 x
615 3317 753 3354 annorum
771 3301 801 3355 in
820 3301 960 3372 theologia
978 3307 1127 3374 postquam
1147 3303 1250 3357 rexerit
1269 3302 1299 3356 in
1320 3301 1429 3356 artibus
1450 3318 1516 3356 cum
1540 3327 1547 3336 ·

433 3387 543 3443 duobus
555 3388 731 3443 sermonibus
745 3407 800 3443 000
815 3389 849 3444 011
868 3389 974 3445 clerum
990 3391 1079 3445 altero
1090 3390 1127 3445 ad
1139 3407 1249 3445 crucem
1263 3389 1342 3444 Pauli
1355 3407 1419 3444 curn
1431 3406 1517 3460 oppo-

434 3477 585 3532 sitionibus
597 3477 823 3548 responsionibus
836 3495 886 3550 001
898 3484 1008 3534 0101010
1020 3481 1095 3550 regia
1103 3479 1249 3550 requisitis
1258 3477 1434 3549 perficiendis
1442 3479 1518 3532 infra

433 3583 540 3620 annum
552 3564 731 3620 admissionis
745 3583 795 3621 000
809 3565 863 3621 001)
877 3583 950 3636 0000
968 3566 1033 3638 xiij¹¹
1050 3566 1242 3638 ponendarum
1259 3567 1288 3620 in
1307 3566 1438 3620 manibus
1454 3583 1518 3636 pro-

433 3660 595 3709 curatorum
607 3659 760 3726 antequam
773 3653 944 3710 admittatur
957 3656 1079 3710 sufficiat
1094 3654 1169 3711 eiad
1185 3654 1376 3725 incipiendum
1394 3655 1422 3708 in
1439 3671 1521 3708 sacra

433 3740 574 3811 theologia
610 3739 656 3796 Ita
669 3741 777 3796 010100
793 3741 927 3796 admissio
943 3747 1001 3797 stet
1017 3743 1042 3796 ei
1058 3759 1109 3813 010
1124 3742 1272 3812 completis
1284 3740 1374 3812 gradu
1386 3745 1415 3796 01
1427 3741 1520 3795 forma

434 3829 475 3884 sic
482 3835 578 3884 tamen
587 3835 618 3884 01
626 3830 792 3884 0000100101
799 3829 956 3884 satisfaciat
965 3830 1105 3885 officiariis
1124 3831 1307 3884 Presentatus
1316 3847 1366 3900 per
1374 3828 1519 3884 doctorem

436 3917 524 3972 Perna
536 3917 583 3988 ijdr
594 3917 613 3971 J
615 3916 665 3971 ulii

365 4003 534 4059 Conceditur
545 4022 583 4058 xv
595 4005 693 4058 Martii
706 4010 737 4058 vt
749 4004 1209 4076 100000010010010100110101001
1227 4004 1353 4075 magistri
1371 4003 1520 4059 Goodman

435 4091 744 4146 Westmonasteriensis
756 4093 854 4148 decani
867 4095 976 4165 possint
989 4095 1114 4148 converti
1126 4094 1156 4147 in
1168 4111 1216 4148 sex
1228 4110 1370 4148 sermones
1382 4093 1417 4148 ad
1430 4111 1521 4164 popu-

436 4179 494 4233 lum
513 4197 633 4250 quorum
652 4179 708 4234 duo
725 4181 761 4235 ad
779 4200 890 4238 crucem
909 4181 989 4236 Pauli
1006 4181 1060 4236 sub
1079 4183 1209 4237 cautione
1228 4181 1293 4253 viij¹¹
1310 4184 1388 4236 0101
1403 4181 1520 4236 admitti

437 4265 526 4334 possit
542 4263 578 4318 ad
594 4264 729 4334 placitum
746 4266 787 4322 sic
804 4271 835 4322 01
853 4267 910 4322 alia
925 4271 1040 4338 peragat
1056 4268 1136 4322 iuxta
1151 4267 1272 4338 gratiam
1288 4266 1342 4321 sibi
1359 4267 1438 4338 01100
1453 4285 1519 4322 con·

436 4367 542 4406 cessam
