3376 5108
209 333 374 416 1562-63]
640 346 754 395 ennon
776 344 870 391 eoos
893 345 915 390 s
1301 319 1362 388 167

277 506 310 556 vt
328 502 359 556 in
378 499 514 571 proximis
532 498 655 553 comitiis
674 495 841 568 respondeat
861 500 890 549 et
908 493 1036 565 disputet
1053 497 1083 547 et
1101 491 1267 546 oonvivetur
1281 488 1365 560 juxte

278 605 384 644 morem
401 586 543 643 eesdemie
558 586 628 641 elius
644 585 695 640 heo
711 585 803 655 gretie
819 583 858 637 sit
872 583 954 637 irrite
966 587 995 637 et
1007 581 1085 636 nulle
1121 580 1302 634 Presentstus
1315 595 1366 650 per

276 675 419 731 doctorem
438 675 526 746 Fiyer
544 673 606 745 viij⁰
623 673 695 728 Julii
713 673 832 744 (peregit
850 670 973 742 quedem
992 675 1022 724 et
1039 687 1090 742 pro
1108 667 1224 738 reliquis
1241 666 1362 739 dispens.

277 765 378 836 maro)

559 956 790 1022 Beoelreleurei
813 955 847 1019 in
870 953 1035 1042 theologia
1152 1033 1156 1038 .

206 1111 376 1168 Conceditur
391 1113 420 1168 ix
431 1113 501 1168 Julii
517 1115 584 1168 1562
597 1111 639 1166 Jo.
654 1110 769 1166 Welker
781 1112 813 1164 vt
829 1108 957 1164 studium
973 1107 1070 1162 decem
1086 1125 1226 1164 annorum
1242 1109 1272 1163 in
1287 1109 1364 1164 theo·

279 1201 352 1272 logie
370 1206 436 1272 post
454 1199 573 1271 gradum
594 1198 772 1254 beoheleurei
793 1198 823 1251 in
844 1196 954 1252 artibus
974 1197 1020 1251 hio
1039 1195 1115 1268 apud
1133 1215 1184 1252 vos
1203 1202 1365 1268 suseeptum

279 1305 344 1344 oum
360 1287 583 1360 oppositionibus
600 1283 1021 1356 responsionibusflsermonibus
1038 1289 1068 1340 et
1083 1284 1147 1340 eliis
1160 1286 1300 1341 exercitiis
1316 1302 1367 1356 per

281 1377 356 1446 regie
377 1380 489 1431 statute
510 1375 655 1446 requisitis
676 1374 798 1429 sufficiet
819 1373 845 1428 ei
865 1378 926 1428 tem
947 1372 984 1427 ed
1004 1373 1202 1444 opponendum
1222 1391 1308 1444 quem
1330 1373 1366 1429 ed

280 1461 445 1518 intrandum
463 1462 493 1516 in
512 1477 592 1517 seore
609 1460 749 1531 theologis

210 1549 380 1606 Conoeditur
397 1551 424 1621 xj
445 1550 511 1606 Deo.
531 1549 666 1620 magistro
684 1549 727 1604 Jo.
746 1547 860 1602 Welker
877 1548 922 1602 oui
940 1564 1030 1618 nuper
1045 1565 1063 1602 s
1078 1547 1157 1603 vobis
1174 1565 1305 1604 oonoesss
1322 1555 1366 1604 est

280 1640 371 1710 gratie
388 1640 425 1695 ed
443 1638 609 1695 intrandum
626 1638 656 1692 in
675 1654 754 1694 seore
770 1636 910 1708 theologia
926 1641 958 1691 vt
975 1638 1065 1708 possit
1082 1642 1175 1692 vestre
1193 1639 1366 1694 authoritate

281 1728 447 1801 respondere
455 1735 484 1784 et
491 1729 613 1801 reliquos
621 1732 702 1782 ectus
709 1726 891 1782 scholasticos
898 1743 1028 1798 peregere
1036 1727 1065 1781 in
1075 1725 1175 1782 habitu
1182 1745 1239 1782 non
1245 1729 1367 1798 regentis

280 1821 310 1870 et
321 1815 360 1871 sit
371 1815 407 1871 de
418 1817 524 1886 gremio
536 1820 565 1870 et
577 1815 670 1870 solvet
681 1814 860 1868 uniuersiteti
873 1815 922 1868 rls
934 1814 1040 1884 (omnia
1052 1814 1159 1884 peregit
1170 1815 1269 1887 marg.)

210 1903 381 1960 Gonoeditur
392 1904 464 1976 xiiij⁰
477 1904 546 1959 Maii
556 1909 587 1959 vt
599 1901 1103 1975 oppositionesintheologieedques
1112 1909 1226 1959 tenetur
1234 1900 1399 1976 magisteri.
1416 1899 1486 1961 tob

280 1992 324 2049 Jo.
338 1992 451 2048 Wellrer
465 1993 577 2064 possint
591 1993 695 2046 mnteri
711 1991 741 2046 in
753 1991 824 2046 duos
836 2007 978 2044 sermones
989 1989 1026 2044 ed
1038 1990 1173 2061 populum
1185 1993 1367 2062 perficiendos

281 2081 311 2134 in
330 2081 437 2152 templo
456 2080 597 2135 eosdemie
617 2079 691 2134 oiroe
711 2079 826 2134 oomitie
845 2078 972 2148 proxime
992 2084 1021 2132 et
1042 2079 1125 2134 feries
1146 2079 1367 2152 Sturbrigienses

281 2166 425 2238 subpone
442 2168 493 2222 xls
511 2165 641 2239 ponende
659 2166 689 2220 in
707 2165 840 2221 menibus
857 2169 1067 2235 procuratorum
1087 2168 1205 2238 (peregit
1223 2171 1322 2242 marg.)

211 2254 381 2310 Conoeditur
397 2261 431 2310 22
449 2255 546 2310 Martii
562 2254 696 2324 magistro
713 2252 895 2323 Longeuorth
909 2257 940 2307 vt
952 2253 1079 2308 studium
1091 2256 1217 2325 quinque
1228 2274 1367 2313 ennorum

282 2344 312 2398 in
328 2343 469 2414 theologie
484 2347 636 2414 postquem
653 2343 755 2397 rexerit
772 2342 802 2395 in
818 2340 928 2396 ortibus
942 2359 1007 2397 enm
1019 2342 1243 2413 oppositionibus
1254 2363 1365 2418 respon·

282 2431 409 2488 sionibus
429 2430 606 2488 sermonibus
626 2439 655 2486 et
675 2430 738 2485 eliis
756 2430 896 2484 exercitiis
917 2446 967 2500 per
987 2430 1074 2500 Regia
1094 2436 1204 2487 statute
1224 2435 1368 2504 requisitis

283 2519 387 2589 partim
406 2519 463 2574 ism
482 2519 603 2590 per-sotis
620 2517 725 2589 psi-tim
743 2519 810 2571 ente
828 2515 1008 2571 nativitatem
1021 2517 1127 2573 Christi
1139 2521 1302 2592 peragendis
1314 2523 1368 2579 sub

283 2623 356 2678 pene
371 2605 430 2678 iiijss
442 2607 571 2678 ponende
587 2607 617 2661 in
634 2606 765 2660 menibus
782 2609 994 2676 procuratorum
1010 2610 1077 2661 ente
1092 2607 1153 2662 eius
1168 2609 1367 2667 admissionem

283 2695 404 2750 sufficiet
415 2695 441 2751 ei
454 2701 514 2750 tem
526 2693 561 2750 ed
574 2693 771 2765 opponendum
781 2711 866 2765 quem
876 2691 911 2748 ed
924 2693 1087 2749 intr-endum
1100 2697 1129 2751 in
1142 2713 1221 2751 serre
1229 2697 1368 2770 theologie

283 2783 324 2838 sio
332 2787 365 2838 vt
377 2783 548 2838 admittetur
559 2788 589 2838 et
600 2783 661 2838 eius
672 2782 806 2838 edmissio
815 2786 873 2837 stet
885 2783 910 2837 ei
923 2799 973 2854 pro
982 2783 1129 2854 eompletis
1140 2784 1228 2854 gradu
1237 2790 1267 2841 et
1278 2788 1368 2843 forme

284 2870 461 2927 beobeleurei
481 2873 511 2927 in
529 2871 627 2928 eedem
663 2873 846 2926 Presentetus
863 2887 913 2942 per
930 2871 1071 2926 doctorem
1091 2873 1180 2928 Peme
1198 2874 1245 2946 ijl⁰
1261 2875 1369 2947 Aprilis

285 2961 403 3031 (peregit
420 2961 515 3015 omnis
532 2963 631 3032 marg.)

214 3046 384 3103 Conceditur
401 3049 434 3119 ij⁰
446 3048 553 3119 Aprilis
570 3047 705 3119 magistro
721 3047 765 3102 Jo.
779 3048 897 3119 Younge
910 3054 942 3102 vt
953 3048 1080 3104 studium
1093 3051 1219 3123 quinque
1230 3070 1369 3111 annorum

285 3136 314 3190 in
332 3135 472 3208 theologie
487 3141 639 3207 postquem
655 3136 758 3190 rexerit
774 3136 804 3190 in
820 3135 930 3191 artibus
943 3153 1007 3191 oum
1021 3139 1244 3209 oppositionibus
1256 3159 1368 3214 respon·

284 3222 412 3278 sionibus
432 3221 609 3278 sermonibus
629 3227 659 3276 et
680 3222 743 3276 eliis
764 3222 905 3277 exercitiis
928 3239 978 3293 per
998 3223 1073 3294 regis
1096 3231 1206 3281 statute
1225 3229 1370 3300 requisitis

285 3311 390 3382 pertim
411 3311 467 3366 iem
488 3311 610 3382 pereotis
631 3310 736 3382 pertim
757 3315 824 3364 ente
844 3309 959 3364 comitia
983 3311 1109 3381 proxime
1132 3316 1295 3385 peragendis
1316 3316 1370 3372 sub

285 3416 358 3470 pene
375 3397 433 3470 iiij¹¹
453 3398 584 3470 ponende
601 3403 653 3453 eto.
674 3397 709 3452 de
728 3396 812 3452 verbo
830 3397 860 3451 in
878 3396 995 3453 verbum
1014 3402 1047 3453 vt
1067 3417 1153 3471 supre
1189 3403 1370 3459 Presenietus

285 3506 336 3560 per
352 3487 496 3543 dootorem
515 3488 603 3542 Perne
621 3486 719 3541 eodem
737 3486 856 3558 (peregit
873 3486 968 3541 omnin
985 3489 1084 3559 marg.)

215 3576 385 3632 Conoeditur
407 3581 440 3631 12
461 3576 541 3632 Junii
562 3581 594 3631 vt
615 3593 706 3630 sermo
727 3575 763 3630 ed
784 3575 920 3646 populum
941 3575 977 3630 ed
998 3593 1083 3647 quem
1105 3583 1218 3634 tenetur
1237 3582 1371 3653 magister

285 3665 403 3736 Yonnge
415 3665 524 3720 ratione
536 3663 638 3734 gredus
650 3664 695 3718 sui
707 3664 797 3735 possit
813 3663 919 3718 differri
936 3665 966 3719 in
982 3667 1142 3736 proximum
1158 3687 1265 3725 annum
1281 3672 1322 3726 sie
1337 3676 1370 3727 vt

286 3753 336 3808 fiet
343 3759 412 3809 ente
421 3753 545 3808 natalem
554 3752 669 3807 Domini
677 3753 738 3807 sine
746 3752 871 3806 vlteriori
879 3750 1014 3808 diletione
1023 3756 1141 3827 (peregit
1152 3757 1370 3834 11Juliimar9.)

215 3843 386 3898 Gonoeditur
401 3843 448 3914 ij‘l’
459 3842 529 3897 Julii
545 3842 680 3912 magistro
691 3841 842 3911 Wightgift
855 3846 888 3897 vt
903 3842 1031 3898 studium
1047 3844 1074 3915 rj
1092 3862 1230 3902 annorum
1246 3849 1276 3903 in
1292 3849 1370 3904 theo·

286 3929 359 4001 logie
374 3933 526 4001 postquem
542 3929 645 3984 rexerit
656 3928 686 3982 in
698 3928 808 3983 artibus
821 3946 887 3984 oum
903 3931 1128 4002 oppositionibus
1143 3936 1371 4005 responsionibus

286 4015 462 4072 sermonibus
478 4021 508 4072 et
523 4016 586 4071 eliis
601 4016 740 4071 exercitiis
755 4034 807 4088 per
822 4017 897 4088 regis
911 4022 1021 4073 statute
1036 4021 1180 4090 requisitis
1196 4025 1371 4094 perficiendis

286 4105 360 4160 inire
375 4121 482 4160 ennnm
499 4109 563 4174 post
577 4104 638 4158 eius
650 4103 849 4158 admissionem
861 4105 916 4160 sub
927 4123 1000 4176 pene
1012 4106 1045 4161 1¹¹
1057 4109 1186 4179 ponende
1198 4112 1227 4165 in
1241 4114 1371 4170 menibus

286 4197 499 4263 procuratorum
513 4199 581 4246 ente
595 4191 655 4245 eius
670 4190 868 4246 edmissionem
883 4193 1004 4248 sufficiet
1015 4195 1041 4248 ei
1053 4199 1114 4250 tem
1125 4196 1162 4251 ed
1173 4199 1371 4270 opponendum

286 4296 373 4350 quem
389 4279 425 4335 ed
443 4278 608 4334 intrandum
626 4279 655 4333 in
674 4295 753 4333 seore
770 4279 910 4351 theologis
958 4282 1141 4338 Presentetns
1157 4285 1219 4356 iijs'e
1233 4286 1304 4342 Julii
1322 4306 1373 4361 per

286 4366 429 4424 doctorem
448 4367 537 4422 Perne
573 4366 691 4438 (peregit
709 4367 804 4422 omnis
821 4369 920 4440 marg.)
