3376 5108
341 249 403 313 146
773 260 888 309 casca
910 260 1002 308 soon
1026 260 1049 308 a
1331 245 1494 330 [1560-61

340 420 445 475 Eadem
469 420 561 490 gratia
581 437 644 474 cum
667 423 698 472 ll
725 417 854 472 terminis
875 416 1038 471 conceditur
1057 415 1153 470 eodem
1175 417 1219 472 J0.
1239 417 1373 488 Grundye
1391 416 1498 471 Thome

411 509 523 563 Draunt
542 505 610 561 Rob.
638 506 704 561 Hali
729 504 799 559 Rob.
824 505 932 560 Jonson
958 504 1081 560 Roberto
1106 504 1225 576 Smythe
1245 505 1321 577 Step.
1348 505 1498 577 Onrdynall

412 595 470 650 Ric
491 594 589 648 Mason
609 594 678 648 Tho.
700 592 800 647 Farfax

341 681 446 737 Eadem
468 682 558 752 gratia
578 680 740 736 conceditur
764 697 828 734 oum
852 684 883 734 ll
911 678 1041 738 terminis
1064 695 1129 734 cum
1149 680 1271 735 termino
1289 681 1319 735 in
1339 698 1395 752 quo
1415 680 1495 736 Edm.

412 770 499 824 Rocre

341 859 447 932 Eodem
458 857 620 913 conceditur
631 857 728 912 eadem
745 857 837 927 gratia
854 874 918 910 cum
937 860 971 912 10
987 856 1117 912 terminis
1131 857 1176 914 J0.
1193 855 1301 911 Beaoou
1315 856 1357 910 W.
1372 856 1496 928 Gylbard

411 950 446 1002 26
471 945 614 1001 Februarii
640 944 737 999 eadem
757 944 848 1014 gratia
867 943 1030 1000 conceditur
1053 962 1118 999 cum
1141 949 1173 1000 12
1193 945 1321 1000 terminis
1342 945 1385 1001 Jo.
1409 946 1497 1018 Owyn

412 1033 518 1090 Simoni
538 1033 669 1088 Bullocke
686 1033 722 1088 ad
739 1031 985 1087 determinandum
1002 1050 1066 1086 cum
1085 1033 1185 1087 ceteris
1201 1033 1397 1104 questionistis
1413 1035 1498 1090 buius
1683 1067 1684 1142 p

411 1123 478 1178 anni
499 1123 541 1177 sic
565 1125 661 1176 tamen
686 1125 718 1174 vt
741 1120 938 1175 examinentur
958 1127 988 1176 et
1011 1120 1203 1192 approbentur
1222 1139 1273 1193 per
1295 1123 1498 1178 exarninatores

410 1211 495 1266 huius
506 1211 573 1265 anni
585 1214 616 1264 et
626 1213 705 1264 stent
716 1209 746 1264 in
759 1209 867 1280 1cliqua
878 1209 1091 1280 quadragesima
1104 1227 1168 1263 oum
1180 1210 1281 1265 ceteris
1292 1211 1486 1280 questionistis

341 1301 446 1355 Eadem
460 1300 550 1369 gratia
562 1316 626 1354 cum
641 1303 675 1352 10
687 1297 815 1352 terminia
827 1295 991 1352 conceditur
1003 1297 1099 1352 eodem
1113 1297 1219 1352 Jacobo
1230 1298 1360 1369 Twaytes

341 1389 581 1444 Detsrminatores
600 1385 705 1456 collegii
725 1385 835 1456 Regalis
853 1385 906 1439 hac
924 1384 1138 1456 quadragesima
1155 1384 1259 1455 quibus
1274 1385 1352 1440 nulla
1367 1405 1497 1443 concessa

410 1492 501 1546 neque
523 1475 613 1545 petita
636 1479 680 1528 cst
703 1474 794 1545 gratia
818 1478 887 1529 sunt
911 1473 1070 1530 Willelmus
1099 1473 1232 1546 Wyckam
1255 1473 1299 1529 J0.
1325 1473 1497 1531 Woolwarde

412 1565 478 1634 Rog.
499 1563 615 1617 Browne
1025 1581 1028 1588 ’

220 1874 242 1934 i.
258 1875 326 1934 59b
441 1863 528 1928 Ordo
550 1865 749 1930 senioritatis
770 1864 1078 1930 baochalaureorum
1101 1865 1136 1929 in
1159 1863 1284 1928 artibus
1308 1862 1393 1926 1560

514 2037 660 2110 Vaugham
810 2039 862 2094 Tb.
876 2039 978 2111 Smytb
991 2038 1036 2109 (G.
1049 2037 1072 2093 11
1085 2037 1128 2108 O.)
1179 2035 1313 2106 Grundye

810 2126 979 2182 Halibreade
1180 2125 1222 2181 W.
1236 2122 1338 2196 Smyth
1351 2121 1407 2192 (T.)

810 2215 928 2287 Gylbert
1180 2212 1285 2268 Holder

811 2304 932 2375 Holgate
1179 2301 1272 2357 Grene

810 2392 932 2464 Bisbope
1179 2387 1320 2445 Cardinall

810 2479 967 2535 Wulwarde
1179 2477 1312 2532 Bullocke

512 2567 656 2622 Leuokner
809 2568 902 2623 Drant
1178 2565 1339 2620 Thorneton

512 2655 611 2711 Mason
811 2657 901 2711 Lakes
1180 2656 1257 2709 Lunt

512 2745 642 2816 Skynner
810 2745 926 2801 Browne
1178 2743 1284 2799 Gibeon

511 2832 648 2904 Wyokam
809 2833 877 2889 Hali
1178 2832 1293 2903 Denbye

571 2922 576 2934 '
809 2921 939 2993 Byckner
1178 2921 1287 2976 'liuner

808 3011 916 3066 Soarlet
1176 3009 1304 3064 Bannwe

808 3098 959 3169 Hodgeson
1175 3099 1334 3170 Dunnynge

512 3186 631 3242 Randall
809 3187 921 3242 Towres
1179 3185 1264 3241 Owen

510 3274 633 3331 Stubbes
809 3275 935 3348 Rookrey
1177 3274 1226 3329 Ro.
1240 3273 1342 3345 Smyth

510 3365 611 3419 Farfax
808 3364 927 3420 Warner
1178 3361 1315 3434 bynforth

511 3450 648 3507 Howiand
807 3451 884 3526 Ayer
1179 3449 1306 3506 Fletcher

512 3539 647 3611 Hausbye

735 3771 886 3857 Magistri
908 3772 943 3836 in
966 3770 1092 3837 artibus

335 3944 504 4001 Conceditur
516 3949 563 3999 220
575 3943 743 4000 Novembris
754 3945 869 4000 domino
881 3945 999 4016 Morgan
1011 3948 1044 3999 vt
1057 3945 1086 3999 ix
1098 3945 1213 4000 termini
1229 3948 1294 4016 post
1306 3945 1418 4000 finalem
1430 3944 1491 3999 eius

405 4033 668 4088 determinationem
693 4032 723 4087 in
747 4031 851 4104 quibus
875 4032 1009 4088 lectiones
1033 4031 1189 4088 ordinarias
1211 4033 1324 4088 audiuit
1347 4033 1414 4088 lieet
1434 4049 1490 4087 non

405 4121 520 4177 omnino
531 4122 685 4177 secundum
700 4121 820 4176 formam
836 4122 939 4178 statuti
956 4137 1021 4176 cum
1033 4120 1126 4176 tribus
1143 4119 1371 4193 responsionibus
1383 4127 1412 4176 et
1428 4119 1492 4175 aliis

404 4209 544 4264 exercitiis
564 4225 614 4280 per
636 4209 712 4281 regia
732 4213 843 4266 statuta
861 4208 1006 4280 requisitis
1025 4207 1167 4264 sufficiant
1190 4209 1216 4264 ei
1240 4208 1277 4265 ad
1300 4207 1491 4280 incipiendum

405 4298 434 4352 in
453 4295 562 4352 artibus
