3376 5108
117 423 121 428 .
175 372 339 456 1550-51]
614 385 728 438 essen
750 386 843 436 scon
865 387 889 435 s

630 907 876 992 [roso-1551]

174 1136 288 1202 Gracia
297 1139 367 1203 sine
377 1138 554 1224 petitiones
563 1160 711 1204 concesse
721 1138 753 1202 in
765 1138 861 1223 plena
869 1137 1120 1224 congregatione
1130 1137 1328 1224 Regentium
1343 1145 1364 1206 t.
1381 1145 1453 1204 tssb

263 1251 297 1306 et
312 1265 376 1306 non
393 1243 591 1329 Regentium
606 1265 627 1306 a
643 1242 724 1307 sesto
739 1243 843 1306 sancti
862 1241 1030 1306 Michaelis
1045 1241 1230 1326 archangeli
1246 1262 1330 1305 anno

266 1349 349 1411 1550
376 1369 476 1434 vsqne
505 1347 545 1412 sd
577 1346 675 1412 iidem
704 1348 823 1412 festum
850 1369 889 1411 ex
917 1355 995 1411 tunc
1021 1347 1167 1433 proxime
1193 1365 1331 1432 sequens

262 1449 389 1515 Joanne
405 1451 550 1516 illorlewe
566 1473 654 1516 sacre
669 1450 832 1537 theologie
852 1450 1029 1536 professore
1053 1461 1131 1515 tunc
1149 1447 1330 1535 procancel·

264 1550 343 1616 lorio
366 1563 400 1617 et
424 1553 587 1640 magistris
608 1553 740 1618 Andree
762 1552 899 1618 Pereson
922 1560 957 1617 et
975 1552 1104 1616 Josnne
1125 1551 1239 1616 Ebden
1259 1571 1330 1636 pro-

263 1655 466 1721 amatoribus

539 1859 770 1926 Baechalourei
794 1859 827 1924 in
850 1858 977 1925 artibus

178 2053 212 2109 In
232 2055 332 2127 primis
352 2055 515 2112 conceditur
538 2055 679 2111 Willelmo
703 2054 788 2110 Owen
814 2061 845 2111 vt
868 2052 1014 2110 duodecim
1039 2054 1152 2109 termini
1178 2055 1207 2108 in
1230 2053 1334 2125 quibus

248 2142 381 2198 lectiones
405 2144 561 2199 ordinaries
589 2143 700 2199 audiuit
724 2143 790 2197 licet
814 2160 870 2197 non
895 2141 1010 2196 omnino
1037 2141 1191 2197 secundum
1215 2142 1333 2197 sormam

248 2232 349 2285 statuti
370 2249 434 2287 cum
456 2232 681 2303 oppositionibus
701 2239 731 2287 et
751 2230 980 2304 responsionibus
1000 2237 1030 2286 et
1048 2230 1112 2286 aliis
1129 2231 1268 2286 exercitiis
1286 2248 1335 2302 per

248 2317 324 2386 regia
335 2321 445 2373 statuta
456 2318 599 2390 requisitis
610 2317 752 2373 sufficiant
763 2318 789 2372 ei
801 2317 838 2373 ad
849 2316 1074 2390 respondendum
1086 2317 1226 2388 questioni

179 2403 285 2459 Pedem
301 2407 392 2475 grstia
409 2405 444 2460 de
462 2405 546 2460 verbo
564 2407 594 2461 in
612 2405 728 2462 verbum
748 2405 910 2462 conceditur
928 2407 1036 2462 Thorne
1054 2406 1176 2462 Bnrham
1196 2404 1335 2460 Gulielmo

249 2491 370 2562 Hollyns
387 2497 416 2546 et
436 2491 574 2546 Richardo
593 2493 692 2548 uerter

179 2580 253 2634 Item
266 2581 429 2635 conceditur
445 2581 584 2636 Richardo
601 2581 686 2636 Besto
703 2587 734 2636 vt
750 2580 897 2637 duodecim
913 2581 1028 2637 termini
1041 2582 1070 2635 in
1087 2580 1191 2652 quibus
1203 2579 1336 2636 lectiones

249 2667 403 2724 ordinarias
421 2669 532 2725 audiuit
550 2670 615 2724 licet
633 2687 689 2724 non
707 2670 822 2724 omnino
839 2669 994 2726 secundum
1013 2670 1131 2724 formam
1150 2669 1252 2724 statuti
1270 2685 1334 2723 cunr

249 2758 473 2829 oppositionibus
496 2764 526 2813 et
550 2758 778 2831 responsionibus
796 2757 940 2828 requisitis
958 2757 1113 2813 secundum
1132 2757 1206 2828 regis
1227 2762 1336 2812 statuta

249 2845 390 2900 sufficiant
407 2846 433 2900 ei
451 2845 487 2900 ad
505 2845 730 2916 respondendum
748 2847 890 2917 questioni

180 2933 285 2988 Eadem
310 2934 401 3004 gratis
424 2931 459 2988 de
481 2933 565 2988 verbo
586 2934 614 2988 in
634 2934 751 2990 verbum
775 2933 937 2989 conceditur
958 2933 1076 3004 Georgio
1100 2933 1203 3005 Catlyn
1225 2933 1337 2988 Andree

250 3020 389 3076 Hstchett
414 3019 520 3076 Thome
544 3020 724 3076 Jenkensono
749 3020 872 3076 Roberto
895 3020 988 3076 Oooke
1011 3021 1119 3076 Thome
1143 3020 1279 3075 Bastanle
1307 3028 1337 3075 et

249 3108 390 3164 Willelmo
408 3107 545 3180 Olyberye

181 3197 254 3252 Item
273 3197 437 3252 conceditur
458 3197 581 3252 Henrico
599 3197 717 3270 Bowyar
735 3202 766 3252 vt
784 3215 884 3252 norem
903 3197 1015 3252 termini
1035 3196 1065 3251 in
1083 3195 1186 3268 quibus
1204 3197 1337 3252 lectiones

250 3283 404 3339 ordinarias
421 3283 532 3339 audiuit
550 3283 616 3339 licet
635 3301 689 3338 non
708 3285 824 3338 omnino
841 3283 996 3338 secundum
1015 3285 1133 3338 formam
1151 3285 1253 3339 statuti
1271 3302 1336 3340 cum

250 3371 473 3445 oppositionibus
485 3380 514 3427 et
531 3371 758 3444 responsionibus
774 3377 804 3428 et
818 3371 905 3445 alii[s]
916 3371 1056 3427 exercitiis
1072 3389 1121 3444 per
1137 3373 1212 3442 regia
1227 3377 1338 3427 statuta

251 3460 394 3531 requisitis
417 3459 558 3514 sufficiant
577 3461 602 3514 ei
624 3459 661 3514 sd
685 3459 911 3529 respondendnm
935 3459 1077 3530 questioni
1114 3460 1160 3514 Its
1183 3460 1258 3530 quod
1277 3461 1338 3514 eius

250 3548 371 3623 emditio
391 3555 421 3602 et
440 3565 531 3602 mores
549 3548 628 3619 prius
645 3547 842 3603 examinentur
862 3553 892 3602 et
909 3546 1101 3619 approbentur
1118 3565 1168 3619 per
1189 3548 1337 3618 magistras

250 3636 353 3708 Teylor
369 3643 399 3690 et
418 3635 542 3690 Mahewe
559 3636 734 3707 oppositores
752 3636 837 3691 huius
854 3636 921 3692 anni

181 3727 255 3782 Item
279 3724 441 3780 moceditur
463 3725 568 3779 Ioanni
592 3724 685 3779 Fonlo
711 3728 742 3778 vt
765 3725 862 3780 decern
886 3725 1000 3779 termini
1024 3723 1157 3795 completi
1180 3723 1210 3778 in
1234 3724 1337 3794 quibus

252 3814 383 3869 lectiones
392 3811 547 3867 ordinarias
555 3812 667 3867 audiuit
676 3829 741 3868 cum
750 3813 975 3884 oppositionibus
984 3817 1013 3868 st
1022 3813 1250 3884 responsionibus
1259 3813 1338 3867 iuxta

250 3901 369 3956 formam
381 3899 484 3954 statuti
497 3901 641 3970 requisitis
652 3901 793 3955 sufficiunt
805 3901 830 3954 ei
843 3900 879 3955 sd
893 3899 1117 3972 respondendum
1129 3899 1268 3970 questioni

181 3990 254 4046 Item
279 3987 442 4042 concfflitur
465 3986 602 4041 Nioholso
625 3986 771 4042 Wendono
794 3996 826 4043 vt
849 3986 997 4044 duodecim
1021 3988 1133 4043 termini
1158 3987 1288 4058 completi
1307 3986 1336 4040 in

251 4077 355 4148 quibus
364 4074 497 4130 lectiones
505 4075 661 4131 ordiner-ies
668 4077 780 4131 audiuit
788 4077 854 4132 licet
863 4095 919 4131 non
929 4077 1043 4131 omnino
1051 4074 1204 4131 secundum
1217 4076 1337 4130 formans

251 4163 353 4218 statuti
373 4179 437 4216 cum
462 4161 687 4233 oppositionibus
706 4167 736 4217 et
753 4163 980 4234 responsionibus
999 4167 1029 4217 et
1049 4162 1113 4217 eliis
1131 4161 1270 4218 exercitiis
1288 4179 1338 4233 per

250 4253 325 4324 regia
337 4257 447 4306 statute
459 4252 603 4322 requisitis
615 4251 757 4306 sufficiant
768 4253 793 4306 ei
806 4252 842 4307 sd
855 4251 1079 4323 respondendum
1092 4251 1232 4321 questioni

181 4341 288 4398 Eadem
307 4340 399 4412 gratia
415 4339 451 4394 de
471 4340 556 4394 verbo
580 4339 610 4393 in
634 4337 752 4394 verbum
773 4338 936 4394 conceditur
954 4339 1077 4394 Heurico
1097 4338 1169 4392 Stilo
1188 4336 1338 4393 Ambrosio

253 4427 443 4496 Ethringtono
456 4425 595 4481 Richardo
606 4426 743 4481 Audeano
755 4425 771 4481 J
774 4427 858 4480 osnni
871 4427 887 4480 J
890 4427 991 4498 efl'reye
1003 4431 1033 4480 et
1042 4425 1193 4480 Valentino
1206 4423 1305 4479 Talem
