3398 5122
202 349 367 436 1588-89]
639 369 753 420 aaron
776 371 868 420 soor
891 371 914 421 n

657 1210 908 1295 [lass-1589]

203 1459 325 1524 Gratiae
349 1459 416 1524 sive
443 1459 621 1545 petitiones
648 1453 697 1523 in'
711 1459 808 1543 plena
834 1459 1086 1545 congregatione
1113 1460 1298 1545 regentium
1326 1469 1359 1526 et

289 1585 354 1628 non
377 1564 564 1651 regentium
587 1563 712 1628 alesta
736 1563 850 1628 Sancti
876 1562 1043 1629 Michaelis
1064 1564 1249 1650 archangeli
1274 1570 1358 1630 1588

290 1674 324 1732 et
354 1667 481 1754 Regina
511 1667 702 1733 Elizabethe
734 1670 774 1733 29
807 1688 908 1752 vsque
938 1667 979 1732 ad
1013 1667 1099 1733 idem
1130 1669 1249 1735 festum
1279 1679 1358 1735 tunc

290 1769 435 1856 proxime
461 1791 602 1856 sequens
628 1769 760 1835 donrino
783 1770 908 1834 Thema
936 1770 1062 1857 Nevyle
1085 1793 1174 1837 sacre
1196 1773 1356 1859 theologie

291 1875 466 1959 professore
488 1874 751 1939 vicecancellario
778 1874 942 1958 magistris
970 1875 1112 1941 Roberto
1136 1876 1298 1943 Canalield
1322 1888 1357 1945 et

292 1978 412 2042 Milone
434 1977 561 2064 Sandys
580 1977 843 2064 procuratoribus
864 1979 1027 2066 magistris
1046 1979 1189 2046 Roberto
1206 1981 1357 2048 Ohurche

291 2091 325 2146 et
358 2081 501 2146 Martino
536 2082 628 2167 Keye
659 2083 894 2147 scrutatoribus
924 2091 958 2147 et
988 2083 1152 2170 magistris
1181 2084 1357 2150 Ottbowell

292 2186 362 2250 Hill
392 2195 426 2250 et
456 2184 507 2252 Jo.
537 2185 677 2251 Seaman
712 2184 914 2251 taxatoribus
947 2195 982 2252 et
1018 2187 1172 2272 magistro
1209 2188 1357 2255 Mattheo

291 2292 411 2376 Stolrys
436 2291 623 2379 registr-ario

205 2532 289 2588 hlem.
309 2531 384 2601 quod
405 2535 504 2585 octavo
521 2530 568 2584 die
586 2531 693 2584 mensis
714 2527 883 2584 Novembris
902 2531 971 2583 luas
989 2528 1156 2584 venerabilis
1173 2529 1217 2584 vir
1234 2529 1357 2583 Thomas

274 2618 301 2672 N
303 2618 382 2689 evyle
396 2617 425 2672 in
440 2616 552 2672 artibus
567 2617 702 2687 magister
716 2633 810 2687 preses
825 2617 959 2686 magister
973 2617 1033 2671 sive
1044 2619 1140 2671 custos
1152 2617 1258 2687 collegii
1275 2615 1357 2671 beate

275 2707 363 2761 Marie
391 2705 554 2775 Magdalene
582 2704 611 2758 in
639 2705 823 2759 vninersitate
850 2702 1028 2776 Cantabrigie
1054 2705 1084 2759 in
1111 2705 1357 2776 procanoellarium

275 2793 467 2848 vninersitatis
491 2791 671 2862 Cantebrigie
698 2793 837 2862 legittime
864 2793 970 2848 electus
995 2793 1144 2864 magistros
1167 2792 1355 2864 Vmphridum

274 2882 395 2954 Tyndall
413 2899 491 2937 sacre
508 2880 646 2952 theologie
665 2882 850 2951 professorem
870 2887 899 2936 et
918 2880 1057 2936 'rhomam
1078 2881 1167 2952 Legge
1183 2881 1275 2951 legum
1294 2880 1356 2935 doo-

274 2976 363 3024 torem
382 2967 554 3040 conjunctim
573 2973 602 3022 et
619 2984 717 3022 eornm
735 2971 885 3038 vtrnmque
901 2983 997 3037 perse
1013 2967 1126 3021 divisim
1143 2973 1173 3021 et
1188 2966 1218 3020 in
1236 2965 1357 3021 solidum

274 3067 319 3113 etc
338 3075 404 3112 suos
423 3073 502 3111 veros
523 3059 614 3110 certos
635 3056 775 3126 legitimos
794 3059 828 3109 et
843 3053 1020 3110 indubitatos
1039 3059 1231 3125 procuratores
1249 3060 1358 3109 actores

274 3149 394 3201 factores
412 3145 590 3216 negociorum
608 3163 724 3199 suorum
742 3149 866 3216 gestor-es
884 3150 912 3199 et
931 3144 1046 3198 nuntios
1064 3143 1197 3214 speciales
1215 3143 1251 3198 ad
1272 3143 1357 3200 infra-

273 3237 379 3306 scripta
404 3235 561 3290 nominavit
585 3234 727 3288 ordinavit
751 3235 818 3289 lecit
839 3241 869 3288 et
890 3233 1040 3287 constituit
1063 3249 1113 3304 per
1136 3232 1357 3304 procuratorium

274 3342 356 3379 suum
374 3323 529 3394 sigillatum
545 3329 604 3376 tarn
622 3323 713 3392 sigillo
728 3322 836 3378 domini
849 3320 1048 3376 Archidiaconi
1064 3321 1151 3376 Esses
1165 3337 1251 3391 quarn
1267 3319 1358 3392 sigillo

275 3413 387 3484 proprio
398 3410 468 3465 dicti
484 3410 591 3464 Thome
605 3409 749 3464 munitum
765 3415 849 3480 prout
866 3412 946 3480 patet
962 3408 1120 3479 predictum
1136 3408 1356 3480 procruatorium

274 3516 422 3554 remanens
443 3498 472 3552 in
494 3497 616 3552 archivis
639 3496 715 3551 dicte
736 3497 931 3552 vniuersitatis
975 3496 1014 3551 Et
1037 3497 1112 3552 idern
1136 3498 1356 3568 procuratorium

274 3587 430 3642 exhibitum
449 3585 505 3640 fuit
523 3585 552 3638 in
571 3584 654 3655 plena
673 3584 886 3654 congregatione
903 3585 1060 3654 regentium
1078 3591 1109 3639 at
1127 3601 1182 3639 non
1201 3585 1356 3653 regentium

274 3677 343 3730 hora
355 3674 446 3744 prima
458 3671 514 3727 diei
526 3672 605 3725 Luna
619 3671 638 3725 ii
653 3669 821 3725 Novembris
835 3673 904 3724 1588
940 3671 978 3724 Et
987 3669 1119 3726 dominus
1127 3671 1225 3726 doctor
1236 3671 1356 3744 Tyndall

274 3782 325 3834 pro
336 3761 433 3816 eodem
446 3760 587 3816 admissus
599 3759 634 3814 ad
647 3760 769 3814 officinm
782 3759 1000 3814 vicecancellarii

203 3853 374 3911 Conceditur
400 3855 433 3904 12
455 3849 586 3905 Octobris
610 3855 641 3903 vt
664 3848 796 3902 dominus
817 3849 1062 3904 vicecancellarius
1085 3849 1213 3904 doctores
1236 3850 1356 3921 Tyndall

274 3939 376 3996 Oowell
396 3943 426 3994 et
451 3939 549 3992 Peerse
575 3938 703 4007 magistri
729 3937 799 3992 Farr
822 3943 852 3991 et
876 3937 1026 4010 Burgayne
1048 3940 1107 3993 sint
1131 3944 1217 4010 caput
1240 3945 1356 3994 senatus

273 4029 362 4084 futuri
381 4027 448 4082 anni

203 4117 373 4174 Conceditur
393 4119 428 4171 29
448 4115 545 4168 Martii
571 4117 638 4168 1588
660 4112 766 4168 Jacobo
788 4114 910 4185 Starlrey
928 4119 960 4169 vt
982 4118 1015 4169 la
1036 4115 1151 4170 termini
1172 4116 1305 4188 completi
1326 4117 1355 4171 in

274 4204 378 4276 quibus
405 4203 539 4257 lectiones
566 4201 723 4256 ordinarias
750 4200 860 4255 audivit
888 4201 954 4256 licet
981 4219 1037 4257 non
1064 4203 1179 4258 omnino
1201 4203 1355 4260 secundum

274 4297 392 4349 formam
410 4292 513 4348 statuti
533 4309 597 4345 cum
617 4288 843 4361 oppositionibus
862 4290 1091 4361 responsionibus
1108 4291 1263 4362 catenaque
1281 4311 1356 4348 exer·

273 4382 349 4436 citiis
372 4397 423 4452 per
446 4385 557 4436 statuta
581 4379 657 4450 regia
683 4378 829 4449 requisitis
855 4379 997 4434 sufficiant
1021 4380 1046 4434 ei
1071 4379 1107 4434 ad
1131 4381 1356 4451 respondendum
