<?xml version="1.0" encoding="UTF-8"?>
<!DOCTYPE html PUBLIC "-//W3C//DTD XHTML 1.0 Transitional//EN"
    "http://www.w3.org/TR/xhtml1/DTD/xhtml1-transitional.dtd">
<html xmlns="http://www.w3.org/1999/xhtml" xml:lang="en" lang="en">
 <head>
  <title>
</title>
<meta http-equiv="Content-Type" content="text/html;charset=utf-8" />
  <meta name='ocr-system' content='tesseract 3.04.00' />
  <meta name='ocr-capabilities' content='ocr_page ocr_carea ocr_par ocr_line ocrx_word'/>
</head>
<body>
  <div class='ocr_page' id='page_1' title='image "./gracebookgreekl00venngoog_0105.png"; bbox 0 0 3376 5108; ppageno 0'>
   <div class='ocr_carea' id='block_1_1' title="bbox 170 4019 321 4473">
    <p class='ocr_par' dir='ltr' id='par_1_1' title="bbox 170 4019 321 4396">
     <span class='ocr_line' id='line_1_1' title="bbox 171 4019 321 4072; baseline -0.013 -2"><span class='ocrx_word' id='word_1_1' title='bbox 171 4021 253 4072; x_wconf 76' lang='lat' dir='ltr'>Heni.</span> <span class='ocrx_word' id='word_1_2' title='bbox 268 4019 321 4069; x_wconf 83' lang='lat' dir='ltr'>dux</span> 
     </span>
     <span class='ocr_line' id='line_1_2' title="bbox 172 4084 314 4137; baseline -0.028 0"><span class='ocrx_word' id='word_1_3' title='bbox 172 4084 314 4137; x_wconf 80' lang='lat' dir='ltr'>SudoIchis</span> 
     </span>
     <span class='ocr_line' id='line_1_3' title="bbox 172 4155 320 4214; baseline -0.014 -14"><span class='ocrx_word' id='word_1_4' title='bbox 172 4155 254 4200; x_wconf 81' lang='lat' dir='ltr'>morte</span> <span class='ocrx_word' id='word_1_5' title='bbox 265 4163 320 4214; x_wconf 83' lang='lat' dir='ltr'>prs-</span> 
     </span>
     <span class='ocr_line' id='line_1_4' title="bbox 170 4219 312 4278; baseline -0.028 -12"><span class='ocrx_word' id='word_1_6' title='bbox 170 4219 312 4278; x_wconf 73' lang='lat' dir='ltr'>occupatus</span> 
     </span>
     <span class='ocr_line' id='line_1_5' title="bbox 170 4279 316 4343; baseline -0.007 -12"><span class='ocrx_word' id='word_1_7' title='bbox 170 4281 221 4331; x_wconf 75' lang='lat' dir='ltr'>heo</span> <span class='ocrx_word' id='word_1_8' title='bbox 232 4279 316 4343; x_wconf 69' lang='lat' dir='ltr'>grstia</span> 
     </span>
     <span class='ocr_line' id='line_1_6' title="bbox 172 4349 278 4396; baseline -0.019 0"><span class='ocrx_word' id='word_1_9' title='bbox 172 4360 225 4396; x_wconf 90' lang='lat' dir='ltr'>non</span> <span class='ocrx_word' id='word_1_10' title='bbox 237 4349 278 4394; x_wconf 85' lang='lat' dir='ltr'>est</span> 
     </span>
    </p>

    <p class='ocr_par' dir='ltr' id='par_1_2' title="bbox 172 4411 275 4473">
     <span class='ocr_line' id='line_1_7' title="bbox 172 4411 275 4473; baseline 0 -13"><span class='ocrx_word' id='word_1_11' title='bbox 172 4411 275 4473; x_wconf 68' lang='lat' dir='ltr'>godans</span> 
     </span>
    </p>
   </div>
   <div class='ocr_carea' id='block_1_2' title="bbox 326 349 1554 450">
    <p class='ocr_par' dir='ltr' id='par_1_3' title="bbox 326 349 1554 450">
     <span class='ocr_line' id='line_1_8' title="bbox 326 349 1554 450; baseline -0.001 -35"><span class='ocrx_word' id='word_1_12' title='bbox 326 349 369 415; x_wconf 82' lang='lat'>72</span> <span class='ocrx_word' id='word_1_13' title='bbox 774 365 886 416; x_wconf 73' lang='lat' dir='ltr'>ennon</span> <span class='ocrx_word' id='word_1_14' title='bbox 908 365 1000 417; x_wconf 78' lang='lat' dir='ltr'>soon</span> <span class='ocrx_word' id='word_1_15' title='bbox 1023 369 1046 416; x_wconf 82' lang='lat' dir='ltr'>n</span> <span class='ocrx_word' id='word_1_16' title='bbox 1315 352 1478 437; x_wconf 86' lang='lat'>[1550-51</span> <span class='ocrx_word' id='word_1_17' title='bbox 1546 439 1554 450; x_wconf 78' lang='lat'><em>,</em></span> 
     </span>
    </p>
   </div>
   <div class='ocr_carea' id='block_1_3' title="bbox 327 521 1487 2265">
    <p class='ocr_par' dir='ltr' id='par_1_4' title="bbox 327 521 1484 930">
     <span class='ocr_line' id='line_1_9' title="bbox 327 521 1482 596; baseline 0.003 -20"><span class='ocrx_word' id='word_1_18' title='bbox 327 521 400 577; x_wconf 83' lang='lat' dir='ltr'>Item</span> <span class='ocrx_word' id='word_1_19' title='bbox 413 521 575 578; x_wconf 74' lang='lat' dir='ltr'>concutitur</span> <span class='ocrx_word' id='word_1_20' title='bbox 585 521 699 578; x_wconf 89' lang='lat' dir='ltr'>domino</span> <span class='ocrx_word' id='word_1_21' title='bbox 712 522 844 594; x_wconf 84' lang='lat' dir='ltr'>Goodryk</span> <span class='ocrx_word' id='word_1_22' title='bbox 856 526 888 579; x_wconf 84' lang='lat' dir='ltr'>vt</span> <span class='ocrx_word' id='word_1_23' title='bbox 902 526 920 580; x_wconf 99' lang='lat'>9</span> <span class='ocrx_word' id='word_1_24' title='bbox 936 523 1050 579; x_wconf 83' lang='lat' dir='ltr'>termini</span> <span class='ocrx_word' id='word_1_25' title='bbox 1067 528 1131 596; x_wconf 81' lang='lat' dir='ltr'>post</span> <span class='ocrx_word' id='word_1_26' title='bbox 1147 523 1260 580; x_wconf 70' lang='lat' dir='ltr'>finalem</span> <span class='ocrx_word' id='word_1_27' title='bbox 1275 525 1336 580; x_wconf 89' lang='lat' dir='ltr'>eius</span> <span class='ocrx_word' id='word_1_28' title='bbox 1351 525 1482 580; x_wconf 83' lang='lat' dir='ltr'>determi-</span> 
     </span>
     <span class='ocr_line' id='line_1_10' title="bbox 398 608 1484 683; baseline -0.001 -17"><span class='ocrx_word' id='word_1_29' title='bbox 398 611 541 667; x_wconf 74' lang='lat' dir='ltr'><strong>nationem</strong></span> <span class='ocrx_word' id='word_1_30' title='bbox 565 611 594 666; x_wconf 91' lang='lat' dir='ltr'>in</span> <span class='ocrx_word' id='word_1_31' title='bbox 613 609 718 683; x_wconf 90' lang='lat' dir='ltr'>quibus</span> <span class='ocrx_word' id='word_1_32' title='bbox 736 608 870 666; x_wconf 87' lang='lat' dir='ltr'>lectiones</span> <span class='ocrx_word' id='word_1_33' title='bbox 893 611 1049 667; x_wconf 74' lang='lat' dir='ltr'>ordinarios</span> <span class='ocrx_word' id='word_1_34' title='bbox 1072 610 1183 667; x_wconf 84' lang='lat' dir='ltr'>audiuit</span> <span class='ocrx_word' id='word_1_35' title='bbox 1204 611 1269 667; x_wconf 87' lang='lat' dir='ltr'>licet</span> <span class='ocrx_word' id='word_1_36' title='bbox 1292 629 1348 666; x_wconf 90' lang='lat' dir='ltr'>non</span> <span class='ocrx_word' id='word_1_37' title='bbox 1369 611 1484 666; x_wconf 88' lang='lat' dir='ltr'>omuino</span> 
     </span>
     <span class='ocr_line' id='line_1_11' title="bbox 397 696 1484 770; baseline -0.002 -16"><span class='ocrx_word' id='word_1_38' title='bbox 397 697 551 754; x_wconf 84' lang='lat' dir='ltr'>seeundum</span> <span class='ocrx_word' id='word_1_39' title='bbox 564 696 683 752; x_wconf 81' lang='lat' dir='ltr'>formum</span> <span class='ocrx_word' id='word_1_40' title='bbox 702 697 804 753; x_wconf 90' lang='lat' dir='ltr'>ststuti</span> <span class='ocrx_word' id='word_1_41' title='bbox 816 715 881 753; x_wconf 91' lang='lat' dir='ltr'>cum</span> <span class='ocrx_word' id='word_1_42' title='bbox 894 696 1118 770; x_wconf 85' lang='lat' dir='ltr'>oppositionibus</span> <span class='ocrx_word' id='word_1_43' title='bbox 1134 696 1363 770; x_wconf 77' lang='lat' dir='ltr'>responsionibus</span> <span class='ocrx_word' id='word_1_44' title='bbox 1374 703 1404 753; x_wconf 89' lang='lat' dir='ltr'>et</span> <span class='ocrx_word' id='word_1_45' title='bbox 1421 697 1484 754; x_wconf 84' lang='lat' dir='ltr'>sliis</span> 
     </span>
     <span class='ocr_line' id='line_1_12' title="bbox 398 786 1484 859; baseline 0 -18"><span class='ocrx_word' id='word_1_46' title='bbox 398 786 537 842; x_wconf 87' lang='lat' dir='ltr'>exercitiis</span> <span class='ocrx_word' id='word_1_47' title='bbox 562 804 611 858; x_wconf 88' lang='lat' dir='ltr'>per</span> <span class='ocrx_word' id='word_1_48' title='bbox 634 786 710 856; x_wconf 84' lang='lat' dir='ltr'>regis</span> <span class='ocrx_word' id='word_1_49' title='bbox 733 790 844 842; x_wconf 78' lang='lat' dir='ltr'>statuta</span> <span class='ocrx_word' id='word_1_50' title='bbox 867 787 1010 858; x_wconf 76' lang='lat' dir='ltr'>requisitis</span> <span class='ocrx_word' id='word_1_51' title='bbox 1029 787 1171 843; x_wconf 81' lang='lat' dir='ltr'>sufficiunt</span> <span class='ocrx_word' id='word_1_52' title='bbox 1191 787 1216 842; x_wconf 91' lang='lat' dir='ltr'>ei</span> <span class='ocrx_word' id='word_1_53' title='bbox 1238 787 1274 843; x_wconf 88' lang='lat' dir='ltr'>sd</span> <span class='ocrx_word' id='word_1_54' title='bbox 1293 786 1484 859; x_wconf 89' lang='lat' dir='ltr'>incipiendum</span> 
     </span>
     <span class='ocr_line' id='line_1_13' title="bbox 398 872 555 930; baseline 0.006 -1"><span class='ocrx_word' id='word_1_55' title='bbox 398 875 428 929; x_wconf 91' lang='lat' dir='ltr'>in</span> <span class='ocrx_word' id='word_1_56' title='bbox 446 872 555 930; x_wconf 77' lang='lat' dir='ltr'>artibus</span> 
     </span>
    </p>

    <p class='ocr_par' dir='ltr' id='par_1_5' title="bbox 328 961 1485 1123">
     <span class='ocr_line' id='line_1_14' title="bbox 328 961 1485 1034; baseline -0.002 -14"><span class='ocrx_word' id='word_1_57' title='bbox 328 962 435 1020; x_wconf 82' lang='lat' dir='ltr'>Eadem</span> <span class='ocrx_word' id='word_1_58' title='bbox 459 963 551 1034; x_wconf 83' lang='lat' dir='ltr'>grstis</span> <span class='ocrx_word' id='word_1_59' title='bbox 567 963 602 1020; x_wconf 92' lang='lat' dir='ltr'>de</span> <span class='ocrx_word' id='word_1_60' title='bbox 621 963 705 1020; x_wconf 87' lang='lat' dir='ltr'>verbo</span> <span class='ocrx_word' id='word_1_61' title='bbox 722 964 752 1019; x_wconf 89' lang='lat' dir='ltr'>in</span> <span class='ocrx_word' id='word_1_62' title='bbox 771 961 887 1020; x_wconf 87' lang='lat' dir='ltr'>verbum</span> <span class='ocrx_word' id='word_1_63' title='bbox 906 963 1067 1020; x_wconf 82' lang='lat' dir='ltr'>conceditur</span> <span class='ocrx_word' id='word_1_64' title='bbox 1084 963 1206 1020; x_wconf 90' lang='lat' dir='ltr'>dominis</span> <span class='ocrx_word' id='word_1_65' title='bbox 1230 963 1352 1020; x_wconf 75' lang='lat' dir='ltr'>Stiurde</span> <span class='ocrx_word' id='word_1_66' title='bbox 1372 963 1485 1019; x_wconf 84' lang='lat' dir='ltr'>Wslker</span> 
     </span>
     <span class='ocr_line' id='line_1_15' title="bbox 398 1051 548 1123; baseline -0.007 -16"><span class='ocrx_word' id='word_1_67' title='bbox 398 1057 428 1107; x_wconf 90' lang='lat' dir='ltr'>et</span> <span class='ocrx_word' id='word_1_68' title='bbox 445 1051 548 1123; x_wconf 80' lang='lat' dir='ltr'>Tsylor</span> 
     </span>
    </p>

    <p class='ocr_par' dir='ltr' id='par_1_6' title="bbox 329 1137 1485 1475">
     <span class='ocr_line' id='line_1_16' title="bbox 329 1137 1483 1208; baseline -0.002 -14"><span class='ocrx_word' id='word_1_69' title='bbox 329 1138 403 1194; x_wconf 87' lang='lat' dir='ltr'>Item</span> <span class='ocrx_word' id='word_1_70' title='bbox 421 1137 584 1193; x_wconf 78' lang='lat' dir='ltr'>conceditur</span> <span class='ocrx_word' id='word_1_71' title='bbox 600 1137 714 1193; x_wconf 90' lang='lat' dir='ltr'>domino</span> <span class='ocrx_word' id='word_1_72' title='bbox 731 1137 831 1192; x_wconf 85' lang='lat' dir='ltr'>Stenes</span> <span class='ocrx_word' id='word_1_73' title='bbox 848 1142 881 1192; x_wconf 84' lang='lat' dir='ltr'>vt</span> <span class='ocrx_word' id='word_1_74' title='bbox 898 1140 916 1193; x_wconf 90' lang='grc'>9</span> <span class='ocrx_word' id='word_1_75' title='bbox 933 1137 1046 1193; x_wconf 87' lang='lat' dir='ltr'>termini</span> <span class='ocrx_word' id='word_1_76' title='bbox 1063 1143 1129 1208; x_wconf 85' lang='lat' dir='ltr'>poet</span> <span class='ocrx_word' id='word_1_77' title='bbox 1146 1137 1257 1193; x_wconf 75' lang='lat' dir='ltr'>finalem</span> <span class='ocrx_word' id='word_1_78' title='bbox 1276 1138 1337 1194; x_wconf 89' lang='lat' dir='ltr'>eius</span> <span class='ocrx_word' id='word_1_79' title='bbox 1354 1138 1483 1192; x_wconf 77' lang='lat' dir='ltr'>determi-</span> 
     </span>
     <span class='ocr_line' id='line_1_17' title="bbox 399 1226 1485 1298; baseline -0.001 -17"><span class='ocrx_word' id='word_1_80' title='bbox 399 1227 541 1282; x_wconf 78' lang='lat' dir='ltr'>nationem</span> <span class='ocrx_word' id='word_1_81' title='bbox 558 1227 596 1282; x_wconf 74' lang='lat' dir='ltr'>,in</span> <span class='ocrx_word' id='word_1_82' title='bbox 620 1226 725 1298; x_wconf 90' lang='lat' dir='ltr'>quibus</span> <span class='ocrx_word' id='word_1_83' title='bbox 748 1227 882 1282; x_wconf 84' lang='lat' dir='ltr'>lectiones</span> <span class='ocrx_word' id='word_1_84' title='bbox 900 1226 1057 1282; x_wconf 74' lang='lat' dir='ltr'>ordinarias</span> <span class='ocrx_word' id='word_1_85' title='bbox 1080 1227 1191 1282; x_wconf 81' lang='lat' dir='ltr'>audiuit</span> <span class='ocrx_word' id='word_1_86' title='bbox 1210 1226 1276 1281; x_wconf 88' lang='lat' dir='ltr'>licet</span> <span class='ocrx_word' id='word_1_87' title='bbox 1296 1243 1351 1281; x_wconf 90' lang='lat' dir='ltr'>non</span> <span class='ocrx_word' id='word_1_88' title='bbox 1371 1227 1485 1281; x_wconf 90' lang='lat' dir='ltr'>omnino</span> 
     </span>
     <span class='ocr_line' id='line_1_18' title="bbox 399 1313 1485 1386; baseline -0.001 -16"><span class='ocrx_word' id='word_1_89' title='bbox 399 1315 553 1371; x_wconf 84' lang='lat' dir='ltr'>secundum</span> <span class='ocrx_word' id='word_1_90' title='bbox 571 1315 690 1370; x_wconf 76' lang='lat' dir='ltr'>formum</span> <span class='ocrx_word' id='word_1_91' title='bbox 708 1315 811 1370; x_wconf 69' lang='lat' dir='ltr'>statuti</span> <span class='ocrx_word' id='word_1_92' title='bbox 830 1332 895 1370; x_wconf 91' lang='lat' dir='ltr'>cum</span> <span class='ocrx_word' id='word_1_93' title='bbox 913 1313 1044 1370; x_wconf 89' lang='lat' dir='ltr'>omnibus</span> <span class='ocrx_word' id='word_1_94' title='bbox 1061 1315 1200 1370; x_wconf 84' lang='lat' dir='ltr'>exercitiis</span> <span class='ocrx_word' id='word_1_95' title='bbox 1218 1332 1268 1386; x_wconf 89' lang='lat' dir='ltr'>per</span> <span class='ocrx_word' id='word_1_96' title='bbox 1285 1314 1360 1384; x_wconf 80' lang='lat' dir='ltr'>regio</span> <span class='ocrx_word' id='word_1_97' title='bbox 1376 1319 1485 1370; x_wconf 74' lang='lat' dir='ltr'>statute</span> 
     </span>
     <span class='ocr_line' id='line_1_19' title="bbox 398 1401 1148 1475; baseline -0.001 -16"><span class='ocrx_word' id='word_1_98' title='bbox 398 1404 542 1475; x_wconf 71' lang='lat' dir='ltr'>requisitis</span> <span class='ocrx_word' id='word_1_99' title='bbox 554 1403 695 1458; x_wconf 81' lang='lat' dir='ltr'>sufficiant</span> <span class='ocrx_word' id='word_1_100' title='bbox 707 1403 732 1458; x_wconf 89' lang='lat' dir='ltr'>ei</span> <span class='ocrx_word' id='word_1_101' title='bbox 745 1403 781 1458; x_wconf 87' lang='lat' dir='ltr'>sd</span> <span class='ocrx_word' id='word_1_102' title='bbox 794 1402 983 1473; x_wconf 89' lang='lat' dir='ltr'>incipiendum</span> <span class='ocrx_word' id='word_1_103' title='bbox 997 1403 1027 1458; x_wconf 92' lang='lat' dir='ltr'>in</span> <span class='ocrx_word' id='word_1_104' title='bbox 1038 1401 1148 1458; x_wconf 83' lang='lat' dir='ltr'>artibus</span> 
     </span>
    </p>

    <p class='ocr_par' dir='ltr' id='par_1_7' title="bbox 329 1488 1484 1563">
     <span class='ocr_line' id='line_1_20' title="bbox 329 1488 1484 1563; baseline -0.003 -16"><span class='ocrx_word' id='word_1_105' title='bbox 329 1492 434 1548; x_wconf 77' lang='lat' dir='ltr'>Eodem</span> <span class='ocrx_word' id='word_1_106' title='bbox 446 1492 538 1563; x_wconf 79' lang='lat' dir='ltr'>gretie</span> <span class='ocrx_word' id='word_1_107' title='bbox 548 1491 584 1547; x_wconf 90' lang='lat' dir='ltr'>de</span> <span class='ocrx_word' id='word_1_108' title='bbox 595 1492 681 1547; x_wconf 85' lang='lat' dir='ltr'>verbo</span> <span class='ocrx_word' id='word_1_109' title='bbox 693 1491 721 1546; x_wconf 90' lang='lat' dir='ltr'>in</span> <span class='ocrx_word' id='word_1_110' title='bbox 732 1489 848 1546; x_wconf 89' lang='lat' dir='ltr'>verbum</span> <span class='ocrx_word' id='word_1_111' title='bbox 858 1489 1020 1546; x_wconf 88' lang='lat' dir='ltr'>conceditur</span> <span class='ocrx_word' id='word_1_112' title='bbox 1028 1489 1149 1545; x_wconf 88' lang='lat' dir='ltr'>dominis</span> <span class='ocrx_word' id='word_1_113' title='bbox 1160 1490 1288 1544; x_wconf 81' lang='lat' dir='ltr'>Denman</span> <span class='ocrx_word' id='word_1_114' title='bbox 1295 1493 1324 1544; x_wconf 86' lang='lat' dir='ltr'>et</span> <span class='ocrx_word' id='word_1_115' title='bbox 1334 1488 1484 1561; x_wconf 84' lang='lat' dir='ltr'>Rnbynson</span> 
     </span>
    </p>

    <p class='ocr_par' dir='ltr' id='par_1_8' title="bbox 329 1576 1486 2004">
     <span class='ocr_line' id='line_1_21' title="bbox 329 1576 1486 1647; baseline -0.002 -13"><span class='ocrx_word' id='word_1_116' title='bbox 329 1579 403 1634; x_wconf 84' lang='lat' dir='ltr'>item</span> <span class='ocrx_word' id='word_1_117' title='bbox 432 1579 594 1634; x_wconf 75' lang='lat' dir='ltr'>conceditur</span> <span class='ocrx_word' id='word_1_118' title='bbox 616 1578 732 1633; x_wconf 91' lang='lat' dir='ltr'>domino</span> <span class='ocrx_word' id='word_1_119' title='bbox 756 1577 854 1632; x_wconf 82' lang='lat' dir='ltr'>Shswe</span> <span class='ocrx_word' id='word_1_120' title='bbox 878 1585 910 1632; x_wconf 88' lang='lat' dir='ltr'>vt</span> <span class='ocrx_word' id='word_1_121' title='bbox 934 1595 1033 1632; x_wconf 86' lang='lat' dir='ltr'>novem</span> <span class='ocrx_word' id='word_1_122' title='bbox 1058 1576 1171 1631; x_wconf 83' lang='lat' dir='ltr'>termini</span> <span class='ocrx_word' id='word_1_123' title='bbox 1197 1581 1262 1647; x_wconf 86' lang='lat' dir='ltr'>post</span> <span class='ocrx_word' id='word_1_124' title='bbox 1289 1576 1400 1632; x_wconf 78' lang='lat' dir='ltr'>finalem</span> <span class='ocrx_word' id='word_1_125' title='bbox 1425 1577 1486 1632; x_wconf 84' lang='lat' dir='ltr'>eius</span> 
     </span>
     <span class='ocr_line' id='line_1_22' title="bbox 398 1663 1484 1737; baseline -0.004 -15"><span class='ocrx_word' id='word_1_126' title='bbox 398 1666 661 1723; x_wconf 81' lang='lat' dir='ltr'>determinationem</span> <span class='ocrx_word' id='word_1_127' title='bbox 685 1666 715 1722; x_wconf 92' lang='lat' dir='ltr'>in</span> <span class='ocrx_word' id='word_1_128' title='bbox 739 1665 843 1737; x_wconf 86' lang='lat' dir='ltr'>quibus</span> <span class='ocrx_word' id='word_1_129' title='bbox 867 1665 1000 1721; x_wconf 89' lang='lat' dir='ltr'>lectiones</span> <span class='ocrx_word' id='word_1_130' title='bbox 1023 1664 1179 1720; x_wconf 80' lang='lat' dir='ltr'>ordinarias</span> <span class='ocrx_word' id='word_1_131' title='bbox 1205 1664 1316 1720; x_wconf 76' lang='lat' dir='ltr'>audiuit</span> <span class='ocrx_word' id='word_1_132' title='bbox 1339 1663 1405 1719; x_wconf 90' lang='lat' dir='ltr'>licet</span> <span class='ocrx_word' id='word_1_133' title='bbox 1429 1682 1484 1719; x_wconf 90' lang='lat' dir='ltr'>non</span> 
     </span>
     <span class='ocr_line' id='line_1_23' title="bbox 399 1752 1485 1825; baseline -0.002 -15"><span class='ocrx_word' id='word_1_134' title='bbox 399 1755 514 1810; x_wconf 88' lang='lat' dir='ltr'>omnino</span> <span class='ocrx_word' id='word_1_135' title='bbox 537 1754 691 1810; x_wconf 87' lang='lat' dir='ltr'>seeundum</span> <span class='ocrx_word' id='word_1_136' title='bbox 713 1754 833 1810; x_wconf 80' lang='lat' dir='ltr'>formum</span> <span class='ocrx_word' id='word_1_137' title='bbox 857 1754 960 1810; x_wconf 75' lang='lat' dir='ltr'>statuti</span> <span class='ocrx_word' id='word_1_138' title='bbox 984 1771 1049 1808; x_wconf 91' lang='lat' dir='ltr'>oum</span> <span class='ocrx_word' id='word_1_139' title='bbox 1073 1752 1297 1824; x_wconf 87' lang='lat' dir='ltr'>oppositionibus</span> <span class='ocrx_word' id='word_1_140' title='bbox 1320 1757 1350 1808; x_wconf 84' lang='lat' dir='ltr'>st</span> <span class='ocrx_word' id='word_1_141' title='bbox 1373 1770 1485 1825; x_wconf 87' lang='lat' dir='ltr'>respon·</span> 
     </span>
     <span class='ocr_line' id='line_1_24' title="bbox 399 1841 1485 1915; baseline -0.003 -16"><span class='ocrx_word' id='word_1_142' title='bbox 399 1842 526 1900; x_wconf 79' lang='lat' dir='ltr'>sionibus</span> <span class='ocrx_word' id='word_1_143' title='bbox 547 1843 702 1914; x_wconf 77' lang='lat' dir='ltr'>ceterisque</span> <span class='ocrx_word' id='word_1_144' title='bbox 723 1861 773 1915; x_wconf 89' lang='lat' dir='ltr'>per</span> <span class='ocrx_word' id='word_1_145' title='bbox 796 1843 871 1914; x_wconf 79' lang='lat' dir='ltr'>regia</span> <span class='ocrx_word' id='word_1_146' title='bbox 892 1847 1002 1899; x_wconf 78' lang='lat' dir='ltr'>statuto</span> <span class='ocrx_word' id='word_1_147' title='bbox 1021 1841 1163 1912; x_wconf 81' lang='lat' dir='ltr'>requisitis</span> <span class='ocrx_word' id='word_1_148' title='bbox 1181 1841 1322 1896; x_wconf 83' lang='lat' dir='ltr'>sufficiunt</span> <span class='ocrx_word' id='word_1_149' title='bbox 1342 1842 1368 1897; x_wconf 91' lang='lat' dir='ltr'>ei</span> <span class='ocrx_word' id='word_1_150' title='bbox 1386 1842 1422 1897; x_wconf 86' lang='lat' dir='ltr'>sd</span> <span class='ocrx_word' id='word_1_151' title='bbox 1444 1841 1485 1896; x_wconf 91' lang='lat' dir='ltr'>in·</span> 
     </span>
     <span class='ocr_line' id='line_1_25' title="bbox 400 1931 737 2004; baseline -0.003 -17"><span class='ocrx_word' id='word_1_152' title='bbox 400 1931 560 2004; x_wconf 91' lang='lat' dir='ltr'>cipiendum</span> <span class='ocrx_word' id='word_1_153' title='bbox 579 1931 609 1986; x_wconf 93' lang='lat' dir='ltr'>in</span> <span class='ocrx_word' id='word_1_154' title='bbox 627 1931 737 1987; x_wconf 79' lang='lat' dir='ltr'>sitibus</span> 
     </span>
    </p>

    <p class='ocr_par' dir='ltr' id='par_1_9' title="bbox 330 2016 1416 2091">
     <span class='ocr_line' id='line_1_26' title="bbox 330 2016 1416 2091; baseline -0.005 -15"><span class='ocrx_word' id='word_1_155' title='bbox 330 2019 436 2076; x_wconf 76' lang='lat' dir='ltr'>Eodem</span> <span class='ocrx_word' id='word_1_156' title='bbox 448 2020 538 2091; x_wconf 83' lang='lat' dir='ltr'>gretie</span> <span class='ocrx_word' id='word_1_157' title='bbox 549 2018 712 2075; x_wconf 84' lang='lat' dir='ltr'>conceditur</span> <span class='ocrx_word' id='word_1_158' title='bbox 723 2018 838 2074; x_wconf 90' lang='lat' dir='ltr'>domino</span> <span class='ocrx_word' id='word_1_159' title='bbox 849 2020 926 2091; x_wconf 81' lang='lat' dir='ltr'>Ayre</span> <span class='ocrx_word' id='word_1_160' title='bbox 937 2018 986 2074; x_wconf 90' lang='lat' dir='ltr'>sed</span> <span class='ocrx_word' id='word_1_161' title='bbox 999 2035 1056 2073; x_wconf 90' lang='lat' dir='ltr'>non</span> <span class='ocrx_word' id='word_1_162' title='bbox 1068 2023 1112 2072; x_wconf 90' lang='lat' dir='ltr'>est</span> <span class='ocrx_word' id='word_1_163' title='bbox 1122 2016 1263 2072; x_wconf 66' lang='lat' dir='ltr'>odmums</span> <span class='ocrx_word' id='word_1_164' title='bbox 1275 2017 1328 2072; x_wconf 88' lang='lat' dir='ltr'>hoc</span> <span class='ocrx_word' id='word_1_165' title='bbox 1342 2034 1416 2071; x_wconf 85' lang='lat' dir='ltr'>snno</span> 
     </span>
    </p>

    <p class='ocr_par' dir='ltr' id='par_1_10' title="bbox 332 2102 1487 2265">
     <span class='ocr_line' id='line_1_27' title="bbox 332 2102 1486 2175; baseline -0.003 -13"><span class='ocrx_word' id='word_1_166' title='bbox 332 2108 405 2163; x_wconf 81' lang='lat' dir='ltr'>Item</span> <span class='ocrx_word' id='word_1_167' title='bbox 426 2107 589 2164; x_wconf 83' lang='lat' dir='ltr'>conceditur</span> <span class='ocrx_word' id='word_1_168' title='bbox 607 2107 721 2163; x_wconf 90' lang='lat' dir='ltr'>domino</span> <span class='ocrx_word' id='word_1_169' title='bbox 743 2106 874 2161; x_wconf 81' lang='lat' dir='ltr'>Metcslfe</span> <span class='ocrx_word' id='word_1_170' title='bbox 898 2102 930 2161; x_wconf 85' lang='lat' dir='ltr'>vt</span> <span class='ocrx_word' id='word_1_171' title='bbox 954 2110 971 2162; x_wconf 92' lang='lat'>9</span> <span class='ocrx_word' id='word_1_172' title='bbox 995 2105 1108 2160; x_wconf 86' lang='lat' dir='ltr'>termini</span> <span class='ocrx_word' id='word_1_173' title='bbox 1133 2109 1198 2175; x_wconf 82' lang='lat' dir='ltr'>post</span> <span class='ocrx_word' id='word_1_174' title='bbox 1221 2105 1333 2160; x_wconf 83' lang='lat' dir='ltr'>finalem</span> <span class='ocrx_word' id='word_1_175' title='bbox 1356 2104 1486 2160; x_wconf 86' lang='lat' dir='ltr'>determi-</span> 
     </span>
     <span class='ocr_line' id='line_1_28' title="bbox 401 2190 1487 2265; baseline -0.004 -16"><span class='ocrx_word' id='word_1_176' title='bbox 401 2195 544 2249; x_wconf 77' lang='lat' dir='ltr'>nationem</span> <span class='ocrx_word' id='word_1_177' title='bbox 567 2195 596 2249; x_wconf 92' lang='lat' dir='ltr'>in</span> <span class='ocrx_word' id='word_1_178' title='bbox 621 2191 725 2265; x_wconf 88' lang='lat' dir='ltr'>quibus</span> <span class='ocrx_word' id='word_1_179' title='bbox 749 2193 882 2247; x_wconf 85' lang='lat' dir='ltr'>lectiones</span> <span class='ocrx_word' id='word_1_180' title='bbox 903 2192 1058 2247; x_wconf 80' lang='lat' dir='ltr'>ordinarios</span> <span class='ocrx_word' id='word_1_181' title='bbox 1078 2190 1188 2245; x_wconf 76' lang='lat' dir='ltr'>audiuit</span> <span class='ocrx_word' id='word_1_182' title='bbox 1208 2191 1274 2246; x_wconf 91' lang='lat' dir='ltr'>licet</span> <span class='ocrx_word' id='word_1_183' title='bbox 1292 2207 1349 2245; x_wconf 93' lang='lat' dir='ltr'>non</span> <span class='ocrx_word' id='word_1_184' title='bbox 1373 2191 1487 2245; x_wconf 90' lang='lat' dir='ltr'>omnino</span> 
     </span>
    </p>
   </div>
   <div class='ocr_carea' id='block_1_4' title="bbox 332 2275 1487 2526">
    <p class='ocr_par' dir='ltr' id='par_1_11' title="bbox 332 2275 1487 2526">
     <span class='ocr_line' id='line_1_29' title="bbox 401 2275 1487 2350; baseline -0.005 -13"><span class='ocrx_word' id='word_1_185' title='bbox 401 2281 555 2338; x_wconf 88' lang='lat' dir='ltr'>secundum</span> <span class='ocrx_word' id='word_1_186' title='bbox 568 2283 686 2338; x_wconf 79' lang='lat' dir='ltr'>formem</span> <span class='ocrx_word' id='word_1_187' title='bbox 699 2281 801 2337; x_wconf 73' lang='lat' dir='ltr'>statuti</span> <span class='ocrx_word' id='word_1_188' title='bbox 818 2297 883 2336; x_wconf 89' lang='lat' dir='ltr'>cum</span> <span class='ocrx_word' id='word_1_189' title='bbox 899 2279 992 2335; x_wconf 86' lang='lat' dir='ltr'>tribus</span> <span class='ocrx_word' id='word_1_190' title='bbox 1008 2277 1235 2350; x_wconf 88' lang='lat' dir='ltr'>responsionibus</span> <span class='ocrx_word' id='word_1_191' title='bbox 1250 2278 1392 2332; x_wconf 82' lang='lat' dir='ltr'>sufficiunt</span> <span class='ocrx_word' id='word_1_192' title='bbox 1407 2279 1432 2333; x_wconf 88' lang='lat' dir='ltr'>ei</span> <span class='ocrx_word' id='word_1_193' title='bbox 1450 2275 1487 2332; x_wconf 83' lang='lat' dir='ltr'>nd</span> 
     </span>
     <span class='ocr_line' id='line_1_30' title="bbox 401 2368 758 2442; baseline -0.003 -18"><span class='ocrx_word' id='word_1_194' title='bbox 401 2369 592 2442; x_wconf 88' lang='lat' dir='ltr'>incipiendum</span> <span class='ocrx_word' id='word_1_195' title='bbox 605 2370 635 2425; x_wconf 90' lang='lat' dir='ltr'>in</span> <span class='ocrx_word' id='word_1_196' title='bbox 647 2368 758 2424; x_wconf 79' lang='lat' dir='ltr'>ortibus</span> 
     </span>
     <span class='ocr_line' id='line_1_31' title="bbox 332 2453 1486 2526; baseline -0.003 -14"><span class='ocrx_word' id='word_1_197' title='bbox 332 2457 406 2511; x_wconf 82' lang='lat' dir='ltr'>Item</span> <span class='ocrx_word' id='word_1_198' title='bbox 418 2457 581 2512; x_wconf 92' lang='lat' dir='ltr'>conceditur</span> <span class='ocrx_word' id='word_1_199' title='bbox 596 2456 710 2512; x_wconf 90' lang='lat' dir='ltr'>domino</span> <span class='ocrx_word' id='word_1_200' title='bbox 728 2455 826 2526; x_wconf 79' lang='lat' dir='ltr'>Lnkyn</span> <span class='ocrx_word' id='word_1_201' title='bbox 844 2459 876 2510; x_wconf 84' lang='lat' dir='ltr'>vt</span> <span class='ocrx_word' id='word_1_202' title='bbox 892 2458 909 2510; x_wconf 92' lang='lat'>9</span> <span class='ocrx_word' id='word_1_203' title='bbox 926 2455 1039 2509; x_wconf 81' lang='lat' dir='ltr'>termini</span> <span class='ocrx_word' id='word_1_204' title='bbox 1052 2471 1117 2509; x_wconf 88' lang='lat' dir='ltr'>cum</span> <span class='ocrx_word' id='word_1_205' title='bbox 1133 2453 1356 2526; x_wconf 88' lang='lat' dir='ltr'>oppositionibus</span> <span class='ocrx_word' id='word_1_206' title='bbox 1375 2471 1486 2526; x_wconf 83' lang='lat' dir='ltr'>respon·</span> 
     </span>
    </p>
   </div>
   <div class='ocr_carea' id='block_1_5' title="bbox 331 2541 1488 3054">
    <p class='ocr_par' dir='ltr' id='par_1_12' title="bbox 331 2541 1488 3054">
     <span class='ocr_line' id='line_1_32' title="bbox 400 2541 1486 2614; baseline -0.003 -15"><span class='ocrx_word' id='word_1_207' title='bbox 400 2545 527 2601; x_wconf 88' lang='lat' dir='ltr'>sionibus</span> <span class='ocrx_word' id='word_1_208' title='bbox 547 2550 577 2600; x_wconf 90' lang='lat' dir='ltr'>et</span> <span class='ocrx_word' id='word_1_209' title='bbox 594 2543 847 2600; x_wconf 75' lang='lat' dir='ltr'>declamationibus</span> <span class='ocrx_word' id='word_1_210' title='bbox 868 2543 1012 2614; x_wconf 87' lang='lat' dir='ltr'>requisitis</span> <span class='ocrx_word' id='word_1_211' title='bbox 1032 2541 1173 2598; x_wconf 84' lang='lat' dir='ltr'>sufficiant</span> <span class='ocrx_word' id='word_1_212' title='bbox 1194 2543 1220 2598; x_wconf 89' lang='lat' dir='ltr'>ei</span> <span class='ocrx_word' id='word_1_213' title='bbox 1239 2541 1275 2598; x_wconf 81' lang='lat' dir='ltr'>ed</span> <span class='ocrx_word' id='word_1_214' title='bbox 1297 2542 1486 2614; x_wconf 89' lang='lat' dir='ltr'>incipiendum</span> 
     </span>
     <span class='ocr_line' id='line_1_33' title="bbox 331 2631 1488 2789; baseline -0.002 -17"><span class='ocrx_word' id='word_1_215' title='bbox 331 2651 438 2772; x_wconf 55' lang='lat' dir='ltr'>Esddrlrlr</span> <span class='ocrx_word' id='word_1_216' title='bbox 450 2631 602 2788; x_wconf 48' lang='grc' dir='ltr'>Ἐξίῗάο</span> <span class='ocrx_word' id='word_1_217' title='bbox 623 2716 708 2772; x_wconf 82' lang='lat' dir='ltr'>verbo</span> <span class='ocrx_word' id='word_1_218' title='bbox 727 2718 757 2771; x_wconf 93' lang='lat' dir='ltr'>in</span> <span class='ocrx_word' id='word_1_219' title='bbox 777 2715 893 2771; x_wconf 87' lang='lat' dir='ltr'>verbum</span> <span class='ocrx_word' id='word_1_220' title='bbox 914 2715 1076 2771; x_wconf 88' lang='lat' dir='ltr'>conceditur</span> <span class='ocrx_word' id='word_1_221' title='bbox 1099 2715 1220 2771; x_wconf 85' lang='lat' dir='ltr'>dominis</span> <span class='ocrx_word' id='word_1_222' title='bbox 1240 2716 1331 2789; x_wconf 82' lang='lat' dir='ltr'>Lovyr</span> <span class='ocrx_word' id='word_1_223' title='bbox 1350 2717 1439 2788; x_wconf 84' lang='lat' dir='ltr'>Gwyn</span> <span class='ocrx_word' id='word_1_224' title='bbox 1458 2721 1488 2770; x_wconf 92' lang='lat' dir='ltr'>et</span> 
     </span>
     <span class='ocr_line' id='line_1_34' title="bbox 403 2803 647 2875; baseline 0.004 -18"><span class='ocrx_word' id='word_1_225' title='bbox 403 2803 509 2858; x_wconf 83' lang='lat' dir='ltr'>Thome</span> <span class='ocrx_word' id='word_1_226' title='bbox 529 2803 647 2875; x_wconf 86' lang='lat' dir='ltr'>Kechyn</span> 
     </span>
     <span class='ocr_line' id='line_1_35' title="bbox 335 2889 1486 2966; baseline 0.002 -18"><span class='ocrx_word' id='word_1_227' title='bbox 335 2889 397 2948; x_wconf 80' lang='lat' dir='ltr'>Vns</span> <span class='ocrx_word' id='word_1_228' title='bbox 408 2909 473 2947; x_wconf 91' lang='lat' dir='ltr'>cum</span> <span class='ocrx_word' id='word_1_229' title='bbox 486 2892 549 2947; x_wconf 90' lang='lat' dir='ltr'>istis</span> <span class='ocrx_word' id='word_1_230' title='bbox 565 2893 671 2965; x_wconf 88' lang='lat' dir='ltr'>incepit</span> <span class='ocrx_word' id='word_1_231' title='bbox 682 2893 718 2949; x_wconf 93' lang='lat' dir='ltr'>de</span> <span class='ocrx_word' id='word_1_232' title='bbox 734 2893 847 2964; x_wconf 82' lang='lat' dir='ltr'>collegio</span> <span class='ocrx_word' id='word_1_233' title='bbox 862 2893 958 2964; x_wconf 80' lang='lat' dir='ltr'>Reguli</span> <span class='ocrx_word' id='word_1_234' title='bbox 974 2891 1106 2948; x_wconf 88' lang='lat' dir='ltr'>dominus</span> <span class='ocrx_word' id='word_1_235' title='bbox 1123 2893 1219 2948; x_wconf 86' lang='lat' dir='ltr'>Niclss</span> <span class='ocrx_word' id='word_1_236' title='bbox 1230 2896 1280 2965; x_wconf 92' lang='lat' dir='ltr'>qui</span> <span class='ocrx_word' id='word_1_237' title='bbox 1294 2895 1414 2966; x_wconf 77' lang='lat' dir='ltr'>gretiam</span> <span class='ocrx_word' id='word_1_238' title='bbox 1431 2914 1486 2952; x_wconf 94' lang='lat' dir='ltr'>non</span> 
     </span>
     <span class='ocr_line' id='line_1_36' title="bbox 402 2981 1263 3054; baseline 0.005 -20"><span class='ocrx_word' id='word_1_239' title='bbox 402 2981 486 3052; x_wconf 89' lang='lat' dir='ltr'>petiit</span> <span class='ocrx_word' id='word_1_240' title='bbox 499 2982 712 3054; x_wconf 76' lang='lat' dir='ltr'>necquicquam</span> <span class='ocrx_word' id='word_1_241' title='bbox 725 2982 811 3038; x_wconf 83' lang='lat' dir='ltr'>solvit</span> <span class='ocrx_word' id='word_1_242' title='bbox 822 2999 873 3052; x_wconf 87' lang='lat' dir='ltr'>pro</span> <span class='ocrx_word' id='word_1_243' title='bbox 885 2985 1084 3039; x_wconf 86' lang='lat' dir='ltr'>exonerucione</span> <span class='ocrx_word' id='word_1_244' title='bbox 1095 2985 1263 3040; x_wconf 87' lang='lat' dir='ltr'>conscientie</span> 
     </span>
    </p>
   </div>
   <div class='ocr_carea' id='block_1_6' title="bbox 422 3217 1405 3392">
    <p class='ocr_par' dir='ltr' id='par_1_13' title="bbox 422 3217 1405 3392">
     <span class='ocr_line' id='line_1_37' title="bbox 422 3217 1405 3306; baseline 0.008 -24"><span class='ocrx_word' id='word_1_245' title='bbox 422 3217 588 3284; x_wconf 88' lang='lat' dir='ltr'>Numerus</span> <span class='ocrx_word' id='word_1_246' title='bbox 611 3221 838 3306; x_wconf 81' lang='lat' dir='ltr'>magistrorum</span> <span class='ocrx_word' id='word_1_247' title='bbox 862 3221 897 3287; x_wconf 89' lang='lat' dir='ltr'>in</span> <span class='ocrx_word' id='word_1_248' title='bbox 920 3223 1046 3288; x_wconf 80' lang='lat' dir='ltr'>artibus</span> <span class='ocrx_word' id='word_1_249' title='bbox 1068 3223 1162 3288; x_wconf 83' lang='lat' dir='ltr'>iuxta</span> <span class='ocrx_word' id='word_1_250' title='bbox 1184 3224 1405 3290; x_wconf 80' lang='lat' dir='ltr'>senioritntem</span> 
     </span>
     <span class='ocr_line' id='line_1_38' title="bbox 811 3332 1004 3392; baseline 0 -1"><span class='ocrx_word' id='word_1_251' title='bbox 811 3349 897 3392; x_wconf 84' lang='lat' dir='ltr'>suno</span> <span class='ocrx_word' id='word_1_252' title='bbox 922 3332 1004 3392; x_wconf 79' lang='lat'>1551</span> 
     </span>
    </p>
   </div>
   <div class='ocr_carea' id='block_1_7' title="bbox 475 3464 1289 3980">
    <p class='ocr_par' dir='ltr' id='par_1_14' title="bbox 475 3464 1289 3980">
     <span class='ocr_line' id='line_1_39' title="bbox 477 3464 1275 3540; baseline 0.006 -20"><span class='ocrx_word' id='word_1_253' title='bbox 477 3464 594 3538; x_wconf 81' lang='lat' dir='ltr'>Kechyn</span> <span class='ocrx_word' id='word_1_254' title='bbox 828 3469 926 3540; x_wconf 78' lang='lat' dir='ltr'>Lnkyn</span> <span class='ocrx_word' id='word_1_255' title='bbox 1157 3471 1275 3525; x_wconf 82' lang='lat' dir='ltr'>Steunes</span> 
     </span>
     <span class='ocr_line' id='line_1_40' title="bbox 476 3554 1274 3627; baseline 0.005 -18"><span class='ocrx_word' id='word_1_256' title='bbox 476 3554 628 3627; x_wconf 83' lang='lat' dir='ltr'>Robynson</span> <span class='ocrx_word' id='word_1_257' title='bbox 827 3556 970 3612; x_wconf 72' lang='lat' dir='ltr'>stenar-de</span> <span class='ocrx_word' id='word_1_258' title='bbox 1160 3558 1274 3613; x_wconf 80' lang='lat' dir='ltr'>Wulksr</span> 
     </span>
     <span class='ocr_line' id='line_1_41' title="bbox 475 3642 1289 3718; baseline 0.005 -21"><span class='ocrx_word' id='word_1_259' title='bbox 475 3642 609 3698; x_wconf 81' lang='lat' dir='ltr'>Nicholss</span> <span class='ocrx_word' id='word_1_260' title='bbox 827 3645 917 3718; x_wconf 83' lang='lat' dir='ltr'>Gwyn</span> <span class='ocrx_word' id='word_1_261' title='bbox 1159 3645 1289 3702; x_wconf 83' lang='lat' dir='ltr'>Metcslie</span> 
     </span>
     <span class='ocr_line' id='line_1_42' title="bbox 475 3731 1263 3806; baseline 0.004 -21"><span class='ocrx_word' id='word_1_262' title='bbox 475 3731 638 3804; x_wconf 81' lang='lat' dir='ltr'>Goodrycke</span> <span class='ocrx_word' id='word_1_263' title='bbox 829 3733 957 3788; x_wconf 83' lang='lat' dir='ltr'>Denmnn</span> <span class='ocrx_word' id='word_1_264' title='bbox 1160 3733 1263 3806; x_wconf 84' lang='lat' dir='ltr'>Tsylor</span> 
     </span>
     <span class='ocr_line' id='line_1_43' title="bbox 475 3818 1234 3893; baseline 0.004 -20"><span class='ocrx_word' id='word_1_265' title='bbox 475 3818 574 3873; x_wconf 83' lang='lat' dir='ltr'>Shswe</span> <span class='ocrx_word' id='word_1_266' title='bbox 826 3819 918 3892; x_wconf 84' lang='lat' dir='ltr'>Levyr</span> <span class='ocrx_word' id='word_1_267' title='bbox 1158 3822 1234 3893; x_wconf 82' lang='lat' dir='ltr'>Ayre</span> 
     </span>
     <span class='ocr_line' id='line_1_44' title="bbox 475 3905 946 3980; baseline 0.006 -21"><span class='ocrx_word' id='word_1_268' title='bbox 475 3905 585 3978; x_wconf 80' lang='lat' dir='ltr'>Byrche</span> <span class='ocrx_word' id='word_1_269' title='bbox 828 3907 946 3980; x_wconf 84' lang='lat' dir='ltr'>Kochyn</span> 
     </span>
    </p>
   </div>
   <div class='ocr_carea' id='block_1_8' title="bbox 334 4035 1491 4460">
    <p class='ocr_par' dir='ltr' id='par_1_15' title="bbox 334 4035 1491 4460">
     <span class='ocr_line' id='line_1_45' title="bbox 334 4035 1489 4110; baseline 0.006 -19"><span class='ocrx_word' id='word_1_270' title='bbox 334 4037 409 4092; x_wconf 89' lang='lat' dir='ltr'>Item</span> <span class='ocrx_word' id='word_1_271' title='bbox 422 4035 585 4091; x_wconf 88' lang='lat' dir='ltr'>conceditur</span> <span class='ocrx_word' id='word_1_272' title='bbox 598 4035 773 4092; x_wconf 85' lang='lat' dir='ltr'>nobilissimo</span> <span class='ocrx_word' id='word_1_273' title='bbox 788 4038 909 4110; x_wconf 89' lang='lat' dir='ltr'>principi</span> <span class='ocrx_word' id='word_1_274' title='bbox 927 4039 1050 4094; x_wconf 87' lang='lat' dir='ltr'>Henrioo</span> <span class='ocrx_word' id='word_1_275' title='bbox 1066 4039 1216 4095; x_wconf 85' lang='lat' dir='ltr'>Suffolchie</span> <span class='ocrx_word' id='word_1_276' title='bbox 1231 4039 1296 4095; x_wconf 90' lang='lat' dir='ltr'>duci</span> <span class='ocrx_word' id='word_1_277' title='bbox 1312 4047 1346 4096; x_wconf 84' lang='lat' dir='ltr'>vt</span> <span class='ocrx_word' id='word_1_278' title='bbox 1362 4043 1489 4099; x_wconf 88' lang='lat' dir='ltr'>studium</span> 
     </span>
     <span class='ocr_line' id='line_1_46' title="bbox 405 4121 1488 4202; baseline 0.007 -24"><span class='ocrx_word' id='word_1_279' title='bbox 405 4121 480 4196; x_wconf 90' lang='lat' dir='ltr'>quod</span> <span class='ocrx_word' id='word_1_280' title='bbox 498 4124 584 4180; x_wconf 89' lang='lat' dir='ltr'>hicet</span> <span class='ocrx_word' id='word_1_281' title='bbox 596 4124 664 4179; x_wconf 82' lang='lat' dir='ltr'>alibi</span> <span class='ocrx_word' id='word_1_282' title='bbox 677 4127 705 4180; x_wconf 90' lang='lat' dir='ltr'>in</span> <span class='ocrx_word' id='word_1_283' title='bbox 719 4126 895 4198; x_wconf 80' lang='lat' dir='ltr'>philosophia</span> <span class='ocrx_word' id='word_1_284' title='bbox 913 4128 1039 4197; x_wconf 86' lang='lat' dir='ltr'>posuerit</span> <span class='ocrx_word' id='word_1_285' title='bbox 1054 4129 1176 4183; x_wconf 79' lang='lat' dir='ltr'>sufficiet</span> <span class='ocrx_word' id='word_1_286' title='bbox 1192 4129 1231 4184; x_wconf 92' lang='lat' dir='ltr'>illi</span> <span class='ocrx_word' id='word_1_287' title='bbox 1248 4129 1284 4184; x_wconf 86' lang='lat' dir='ltr'>sd</span> <span class='ocrx_word' id='word_1_288' title='bbox 1300 4130 1488 4202; x_wconf 88' lang='lat' dir='ltr'>incipiendum</span> 
     </span>
     <span class='ocr_line' id='line_1_47' title="bbox 406 4210 1491 4287; baseline 0.008 -23"><span class='ocrx_word' id='word_1_289' title='bbox 406 4211 435 4266; x_wconf 90' lang='lat' dir='ltr'>in</span> <span class='ocrx_word' id='word_1_290' title='bbox 447 4210 558 4266; x_wconf 79' lang='lat' dir='ltr'>ortibus</span> <span class='ocrx_word' id='word_1_291' title='bbox 594 4211 640 4265; x_wconf 85' lang='lat' dir='ltr'>Sic</span> <span class='ocrx_word' id='word_1_292' title='bbox 654 4216 686 4266; x_wconf 87' lang='lat' dir='ltr'>vt</span> <span class='ocrx_word' id='word_1_293' title='bbox 698 4213 787 4283; x_wconf 88' lang='lat' dir='ltr'>possit</span> <span class='ocrx_word' id='word_1_294' title='bbox 803 4213 917 4269; x_wconf 83' lang='lat' dir='ltr'>admitti</span> <span class='ocrx_word' id='word_1_295' title='bbox 934 4213 970 4268; x_wconf 88' lang='lat' dir='ltr'>sd</span> <span class='ocrx_word' id='word_1_296' title='bbox 983 4213 1119 4284; x_wconf 72' lang='lat' dir='ltr'>placitum</span> <span class='ocrx_word' id='word_1_297' title='bbox 1135 4214 1359 4287; x_wconf 76' lang='lat' dir='ltr'>quandocunque</span> <span class='ocrx_word' id='word_1_298' title='bbox 1372 4217 1491 4273; x_wconf 88' lang='lat' dir='ltr'>voluerit</span> 
     </span>
     <span class='ocr_line' id='line_1_48' title="bbox 405 4299 1491 4373; baseline 0.008 -21"><span class='ocrx_word' id='word_1_299' title='bbox 405 4299 466 4353; x_wconf 90' lang='lat' dir='ltr'>siue</span> <span class='ocrx_word' id='word_1_300' title='bbox 483 4299 511 4352; x_wconf 91' lang='lat' dir='ltr'>in</span> <span class='ocrx_word' id='word_1_301' title='bbox 529 4300 651 4354; x_wconf 83' lang='lat' dir='ltr'>termino</span> <span class='ocrx_word' id='word_1_302' title='bbox 667 4301 728 4355; x_wconf 91' lang='lat' dir='ltr'>siue</span> <span class='ocrx_word' id='word_1_303' title='bbox 744 4307 824 4356; x_wconf 79' lang='lat' dir='ltr'>extre</span> <span class='ocrx_word' id='word_1_304' title='bbox 841 4303 994 4358; x_wconf 87' lang='lat' dir='ltr'>terminum</span> <span class='ocrx_word' id='word_1_305' title='bbox 1010 4301 1116 4373; x_wconf 80' lang='lat' dir='ltr'>absque</span> <span class='ocrx_word' id='word_1_306' title='bbox 1133 4303 1189 4360; x_wconf 78' lang='lat' dir='ltr'>vlle</span> <span class='ocrx_word' id='word_1_307' title='bbox 1206 4303 1369 4359; x_wconf 76' lang='lat' dir='ltr'>visimcione</span> <span class='ocrx_word' id='word_1_308' title='bbox 1385 4311 1415 4360; x_wconf 89' lang='lat' dir='ltr'>et</span> <span class='ocrx_word' id='word_1_309' title='bbox 1428 4306 1491 4361; x_wconf 81' lang='lat' dir='ltr'>eliis</span> 
     </span>
     <span class='ocr_line' id='line_1_49' title="bbox 406 4387 803 4460; baseline 0.01 -18"><span class='ocrx_word' id='word_1_310' title='bbox 406 4388 570 4442; x_wconf 81' lang='lat' dir='ltr'>ceremoniis</span> <span class='ocrx_word' id='word_1_311' title='bbox 587 4387 803 4460; x_wconf 87' lang='lat' dir='ltr'>quibuscunque</span> 
     </span>
    </p>
   </div>
   <div class='ocr_carea' id='block_1_9' title="bbox 0 0 1699 5108">
    <p class='ocr_par' dir='ltr' id='par_1_16' title="bbox 0 0 1699 5108">
     <span class='ocr_line' id='line_1_50' title="bbox 0 0 1699 5108; baseline 0 0"><span class='ocrx_word' id='word_1_312' title='bbox 0 0 1699 5108; x_wconf 95' lang='lat' dir='ltr'> </span> 
     </span>
    </p>
   </div>
  </div>
 </body>
</html>
