3344 5110
169 347 334 430 1543-44]
600 358 713 408 unscn
735 358 828 406 soon
852 357 875 404 Δ
1283 341 1323 401 15

168 517 243 572 Item
263 517 425 573 conceditur
445 515 551 572 Josnni
573 515 721 584 Kyngston
745 517 776 567 vt
797 511 925 566 studium
946 510 1033 565 trium
1054 525 1193 562 annorum
1214 508 1244 562 in
1265 507 1325 562 iure

238 605 314 659 ciuili
334 606 362 660 in
380 604 433 659 hec
451 603 635 658 vniuersitste
655 607 685 656 et
701 605 810 671 septem
828 599 947 654 Londini
966 598 996 652 in
1017 595 1138 652 arcubus
1157 597 1278 650 sufficiat
1298 595 1324 651 ei

238 693 272 748 ed
293 691 457 747 intrandum
475 692 505 747 in
523 689 620 746 eodem
638 689 700 744 iure

169 780 242 834 Item
254 779 416 834 conceditur
432 778 538 834 Josnni
555 777 656 832 Stolres
669 781 700 829 vt
716 773 844 829 studium
857 782 966 842 septem
977 789 1116 826 annorum
1131 771 1161 825 in
1177 771 1237 826 iure
1248 770 1324 825 ciuili

239 869 269 923 in
281 868 333 922 hsc
344 867 528 923 vniuersitste
540 864 661 921 sufficiat
673 863 727 918 sibi
739 862 775 917 κά
788 861 951 918 intrandum
965 861 994 915 in
1006 860 1104 916 eodem
1117 861 1177 915 iure

170 957 242 1012 Item
264 955 426 1011 conceditur
446 954 550 1010 Josnni
572 953 694 1008 Munson
717 955 748 1005 rt
769 951 897 1005 studium
919 955 1028 1020 septem
1050 965 1188 1003 snnorum
1213 948 1242 1002 in
1266 949 1327 1002 iure

240 1043 315 1098 ciuili
337 1043 367 1098 in
386 1043 438 1098 hec
456 1042 640 1097 uniuersitste
658 1047 688 1095 st
706 1040 822 1096 Oxoniis
841 1038 963 1092 sufficiet
979 1036 1034 1092 sibi
1054 1036 1091 1091 ed
1112 1036 1275 1091 intrandum
1297 1035 1326 1090 in

239 1131 336 1187 eodem
354 1131 415 1186 iure

512 1408 743 1474 Bscchsleurei
766 1409 801 1472 in
823 1407 990 1494 theologis

175 1597 208 1650 In
230 1596 328 1667 primis
348 1594 511 1650 conceditur
534 1594 668 1665 magistro
690 1594 789 1648 Foster
809 1600 842 1648 vt
863 1593 990 1648 studium
1011 1597 1118 1663 septem
1139 1609 1277 1645 annorum
1299 1590 1329 1644 in

243 1683 381 1752 theologis
398 1689 549 1753 postquam
570 1682 674 1736 rexerit
694 1699 759 1736 curn
777 1680 888 1736 duobus
904 1678 1080 1734 sermonibus
1097 1696 1152 1732 vno
1169 1678 1205 1733 sd
1224 1677 1329 1732 clerum

242 1771 330 1824 altero
346 1769 383 1845 κά
398 1787 509 1826 crucem
528 1769 606 1825 Pauli
620 1775 649 1824 et
666 1787 730 1824 cum
743 1769 922 1840 responsione
939 1768 983 1822 vel
1000 1765 1128 1838 pluribus
1142 1767 1166 1821 si
1182 1767 1330 1836 exigantur

243 1859 364 1913 sufficiet
380 1859 406 1914 ei
423 1858 460 1913 ed
474 1859 671 1930 opponendum
684 1864 714 1914 et
730 1858 894 1913 intrandum
913 1859 943 1912 in
962 1857 1049 1912 libros
1067 1857 1271 1911 sententiarum
1289 1856 1330 1911 sic

244 1945 319 2016 quod
340 1945 511 2001 admittetur
531 1946 567 2000 ad
588 1946 785 2019 opponendum
810 1946 884 2000 infra
908 1944 1033 2000 triduum
1055 1951 1085 2000 ct
1108 1949 1165 1999 stet
1189 1962 1331 2016 opponens

243 2053 332 2106 vsquc
349 2035 385 2089 ad
403 2036 506 2090 festum
526 2035 654 2090 Bsrnsbe

176 2124 249 2178 Item
269 2122 431 2178 conceditur
451 2123 560 2178 Simoni
579 2123 702 2195 Brygges
721 2128 753 2178 vt
774 2123 901 2178 studium
921 2141 969 2178 sex
987 2139 1124 2177 simorum
1143 2123 1172 2176 in
1193 2121 1332 2193 theologie

245 2216 395 2282 postquem
414 2210 516 2266 rexerit
535 2228 599 2265 cum
616 2210 727 2266 duobus
745 2211 921 2266 sermonibus
939 2229 995 2266 vno
1011 2209 1048 2266 ad
1066 2211 1171 2264 clerum
1192 2209 1280 2264 altero
1296 2210 1332 2265 sd

246 2311 355 2348 crucem
373 2293 452 2347 Pauli
471 2296 581 2349 etcum
599 2311 655 2347 vnn
670 2293 850 2364 responsione
865 2291 909 2347 vel
926 2292 1054 2364 pluribus
1069 2293 1094 2347 si
1111 2292 1258 2362 exigantur
1275 2293 1334 2346 suf-

249 2379 326 2434 ficiet
341 2379 366 2433 ei
383 2378 419 2432 sd
434 2378 632 2450 opponendum
649 2379 679 2432 in
695 2378 836 2450 theologie
852 2384 882 2433 et
898 2378 1060 2433 intrandum
1077 2378 1107 2432 in
1123 2376 1209 2433 libros
1225 2383 1336 2434 senten-

248 2467 352 2521 tinrum
370 2467 412 2521 sic
432 2465 507 2537 quod
528 2465 701 2522 admittetur
717 2465 753 2522 ed
775 2466 972 2538 opponendum
992 2467 1065 2521 inire
1088 2472 1210 2536 qustuor
1230 2467 1338 2523 disset

250 2555 338 2609 intret
355 2554 391 2609 nd
410 2555 545 2625 placitum
564 2561 594 2609 et
611 2558 670 2608 stet
687 2572 832 2627 opponens
850 2572 939 2625 reque
956 2555 991 2609 sd
1010 2555 1114 2608 festum
1133 2553 1261 2608 Bsmsbe

179 2642 253 2698 Item
271 2642 432 2698 conceditur
453 2643 587 2712 magistro
603 2642 716 2714 Gylpyn
733 2649 764 2697 rt
782 2642 910 2698 studium
928 2639 1036 2716 septem
1054 2658 1192 2696 annorum
1211 2641 1241 2696 in
1259 2641 1336 2697 theo·
1414 2667 1417 2674 ⁴

248 2730 321 2800 logie
335 2736 487 2801 postquem
503 2731 607 2785 rexerit
622 2748 687 2784 curn
705 2729 816 2784 duobus
828 2730 1004 2785 sermonibus
1015 2746 1072 2784 vno
1083 2729 1118 2783 sd
1131 2729 1236 2784 clerum
1248 2731 1337 2785 altero

248 2818 284 2873 ed
303 2835 413 2874 crucem
434 2819 512 2874 Pauli
532 2825 643 2874 etcum
662 2836 717 2872 vnn
736 2819 915 2890 responsione
937 2818 980 2873 vel
998 2817 1129 2889 pluribus
1146 2817 1170 2871 si
1189 2818 1337 2888 exiguntur

127 2911 136 2930 ⁸
248 2907 320 2961 citre
339 2907 485 2962 commitis
503 2907 528 2961 si
544 2905 690 2961 commode
707 2906 765 2960 fieri
784 2907 889 2977 poterit
905 2905 949 2960 vel
967 2909 1034 2959 erite
1052 2904 1159 2959 Pascha
1177 2907 1336 2975 proximum

248 2993 302 3048 snb
317 3011 390 3066 pena
406 2995 444 3048 11·
456 2994 578 3049 sufficiet
594 2995 619 3048 ei
636 2993 672 3048 ed
689 2994 887 3064 opponendum
899 2997 929 3047 et
945 2992 1111 3048 intrandum
1125 2992 1154 3046 in
1172 2993 1258 3049 libros
1273 3013 1337 3050 sen·

250 3083 403 3136 tertiarum
421 3082 462 3135 sic
483 3080 558 3152 quod
579 3080 751 3135 admittetur
770 3086 831 3134 tem
851 3080 887 3134 sd
907 3080 1106 3152 opponendum
1126 3098 1212 3151 quam
1224 3075 1335 3137 ¹intren-

249 3169 316 3224 dum
335 3173 402 3223 ente
421 3168 567 3223 commitis
584 3168 712 3238 proxima

179 3257 286 3312 Eadem
309 3257 401 3326 gretie
421 3256 457 3311 de
477 3255 562 3311 verbo
586 3257 616 3310 in
638 3254 754 3310 verbum
778 3255 941 3312 conceditur
965 3256 1101 3326 magistro
1122 3257 1289 3313 Cewthorne
1310 3265 1340 3313 et

250 3346 384 3415 megistrc
403 3343 515 3415 Veyeye

180 3433 255 3488 ltem
267 3432 430 3487 conceditur
447 3432 569 3487 Rcberto
582 3433 683 3487 Stokee
696 3438 728 3487 vt
739 3434 866 3488 studium
879 3439 987 3505 septem
1000 3453 1137 3489 annorum
1154 3437 1184 3490 in
1199 3436 1339 3507 theologis

251 3525 401 3592 postquem
419 3519 523 3574 rexerit
540 3537 606 3574 cum
623 3519 735 3574 duobus
752 3521 929 3576 sermonibus
947 3539 1002 3576 vno
1020 3521 1056 3576 nd
1075 3521 1180 3577 clerum
1199 3523 1287 3578 altero
1303 3524 1339 3578 sd

249 3625 360 3662 crucem
379 3607 457 3662 Pauli
470 3614 500 3661 et
515 3625 581 3662 curn
596 3626 652 3662 vns
668 3610 847 3679 responsione
860 3610 904 3664 vel
920 3610 1050 3682 pluribus
1066 3611 1090 3665 si
1106 3612 1253 3682 exigentur
1264 3630 1339 3666 enno

249 3696 376 3766 proximo
394 3693 522 3749 habende
538 3701 606 3749 ente
617 3696 722 3750 festum
736 3695 842 3751 Pssche
854 3696 908 3751 sub
924 3715 997 3768 pene
1009 3698 1149 3752 cautionis
1163 3698 1201 3752 xl·
1212 3699 1339 3769 ponende

251 3781 281 3836 in
299 3780 430 3836 menibus
448 3788 661 3852 procuratorum
680 3783 823 3837 sufficient
840 3784 866 3838 ei
883 3784 920 3839 κά
939 3785 1104 3840 intrandum
1126 3785 1156 3839 in
1179 3786 1277 3841 endem
1298 3787 1339 3842 eic

252 3876 284 3924 vt
309 3870 480 3924 admittetur
507 3871 581 3925 inire
604 3871 732 3927 triduum
756 3876 786 3926 et
810 3878 869 3927 stet
893 3891 1037 3944 opponens
1062 3892 1149 3946 vsque
1173 3874 1210 3929 ed
1234 3875 1338 3931 festum

252 3955 381 4012 Bnrnebe

180 4048 255 4102 Item
269 4045 432 4101 conceditur
443 4045 556 4100 Albano
575 4045 725 4117 Lengdsye
741 4050 772 4101 vt
790 4047 917 4102 studium
935 4053 1044 4120 septem
1060 4069 1197 4106 annorum
1214 4053 1244 4107 in
1261 4052 1339 4106 theo-

251 4133 324 4204 logis
339 4140 491 4204 postquem
508 4132 609 4186 rexerit
628 4149 692 4186 cum
710 4131 820 4186 duobus
832 4135 1008 4191 sermonibus
1020 4154 1075 4191 vno
1086 4138 1122 4192 sd
1135 4137 1239 4193 clerum
1251 4139 1340 4194 altero

251 4221 287 4276 ed
307 4239 419 4276 crucem
440 4238 505 4276 cum
526 4237 583 4274 vna
603 4221 784 4290 responsione
805 4221 932 4290 proximo
953 4241 1027 4277 euno
1049 4223 1177 4280 habende
1194 4227 1247 4281 sub
1268 4246 1341 4298 pene

252 4311 389 4364 cautionis
411 4309 450 4362 xl·
470 4307 599 4380 ponende
619 4307 648 4362 in
671 4306 803 4362 menibus
824 4318 1037 4378 procinetorurn
1058 4317 1124 4366 ente
1142 4312 1340 4370 cdmissicnem

253 4397 373 4453 sufficiet
389 4396 415 4453 ci
435 4396 472 4453 sd
491 4395 690 4470 opponendum
708 4401 738 4452 et
755 4396 920 4453 intrandum
939 4399 970 4454 in
988 4400 1128 4472 theologis
1145 4401 1186 4456 sio
1203 4403 1278 4472 quod
1293 4403 1341 4460 ed·
