3408 5116
207 373 372 460 1577-78]
644 391 757 442 1111011
779 391 873 443 soor
895 395 918 442 a
1300 372 1364 440 313

276 546 457 600 cancellarius
470 546 590 602 fideliter
604 547 697 617 exiget
714 547 774 618 ipse
789 547 907 602 eandem
921 547 956 602 de
973 547 1086 618 proprio
1102 563 1187 617 super
1203 548 1365 614 compotum

276 635 432 704 generalem
444 635 513 690 cista
525 637 683 691 eommunis
693 637 834 708 persolvat
843 642 872 692 et
881 637 933 691 hec
941 637 1084 691 concessio
1094 639 1187 690 restra
1197 651 1247 704 pro
1255 635 1365 686 statuto

277 721 415 776 habeatur
468 723 536 778 Dies
553 723 688 793 assignati
702 724 806 778 festum
822 724 935 778 Natalis
950 723 1065 778 Domini
1085 723 1169 776 Pasce
1186 719 1365 776 Assentionis

278 809 457 866 Pentecostes
469 812 619 866 Trinitatis
633 813 779 867 Michaelis
794 817 823 867 et
838 811 974 867 Omnium
991 813 1159 867 Sanctorum
1176 827 1277 880 magna
1291 825 1364 862 com-

278 899 360 953 mitis
384 899 509 954 nundine
533 900 591 954 divi
616 900 756 956 iohannis
779 905 809 957 et
829 900 1051 971 Sturbrigiensce
1073 905 1103 954 et
1121 899 1181 954 dies
1202 898 1267 952 initi
1288 896 1364 965 regni

278 985 391 1040 domine
409 987 513 1058 Regino
532 986 696 1042 Elisabethe

209 1070 379 1128 Conceditur
400 1073 585 1129 1411111111
606 1093 671 1130 cum
693 1075 753 1130 dies
774 1075 809 1130 ad
832 1075 1055 1146 philosophicam
1074 1073 1297 1146 disputacionem
1316 1089 1366 1142 pcr

279 1166 421 1216 statutum
438 1163 572 1233 assignati
588 1180 644 1216 non
657 1163 801 1218 sufficiunt
814 1163 1005 1234 inceptoribus
1018 1164 1047 1217 in
1060 1161 1170 1218 artibus
1183 1162 1235 1214 hoc
1247 1177 1320 1214 anno
1334 1165 1365 1213 11

279 1246 486 1318 disputaciones
501 1249 571 1302 liant
583 1248 683 1304 diebus
696 1250 813 1305 Veneris
825 1255 855 1304 11
867 1251 983 1304 Saturni
1001 1251 1029 1304 in
1047 1247 1246 1320 philosophicis
1263 1246 1365 1300 scholis

279 1333 316 1388 ab
332 1335 400 1389 hora
416 1353 491 1390 none
506 1353 594 1406 reque
611 1334 646 1390 ad
663 1335 838 1392 undecimam
856 1341 985 1408 presente
1002 1337 1090 1391 altero
1106 1341 1319 1406 procuratorum
1336 1337 1365 1386 et

280 1436 313 1473 111
334 1418 450 1474 bedellis
472 1437 526 1475 vno
547 1421 597 1491 qui
619 1420 709 1491 pridie
729 1422 829 1476 saltem
849 1421 975 1476 eiusdem
997 1421 1052 1476 diei
1072 1420 1227 1475 ordinarios
1247 1419 1365 1472 lectores

279 1507 309 1560 in
322 1506 441 1578 publicis
453 1508 555 1562 scholis
567 1515 732 1579 premoneat
744 1510 840 1564 future
851 1509 1056 1580 disputacionis

210 1595 379 1651 Conceditur
390 1601 422 1651 31
437 1595 565 1652 Januarii
578 1616 643 1652 cum
656 1598 747 1653 celum
759 1599 799 1653 sit
810 1599 891 1654 valde
903 1599 1123 1670 intemperatum
1135 1602 1165 1650 et
1177 1596 1265 1666 pestis
1275 1593 1365 1648 indies

280 1684 369 1753 magis
381 1689 410 1738 et
421 1685 511 1755 magis
523 1689 630 1740 crescat
641 1690 672 1739 et
682 1685 772 1741 multe
783 1687 875 1757 platee
887 1686 972 1740 huius
981 1685 1077 1756 oppidi
1087 1686 1128 1739 ita
1138 1684 1198 1738 fede
1209 1683 1366 1738 habeantur

279 1779 311 1825 vt
322 1771 495 1826 scholaribus
507 1775 588 1827 tutus
600 1773 636 1827 ed
649 1772 759 1828 scholas
771 1773 899 1844 publicas
912 1791 968 1826 non
980 1774 1020 1828 sit
1031 1772 1127 1827 aditus
1139 1777 1169 1826 et
1181 1789 1321 1842 regressus
1332 1775 1365 1824 vt

280 1859 412 1913 lectiones
421 1859 629 1930 disputaciones
638 1861 785 1915 conciones
794 1865 824 1914 et
833 1865 926 1915 cetera
935 1860 1102 1914 scholastica
1111 1859 1243 1914 exercitia
1252 1857 1365 1929 publice

279 1947 308 2000 in
321 1947 424 2001 scholis
436 1947 557 2018 publicis
569 1949 798 2003 intermittantur
812 1953 842 2003 et
856 1954 966 2003 cessent
982 1965 1070 2018 nsque
1087 1947 1123 2002 ed
1139 1948 1273 2018 quintum
1289 1945 1364 2000 diem

281 2034 377 2088 Martii
395 2035 514 2104 proximi
532 2052 589 2105 quo
607 2033 652 2088 die
670 2035 786 2090 comitia
803 2034 1067 2090 bacchalaureorum
1090 2039 1223 2089 consueto
1242 2051 1318 2088 more
1336 2039 1365 2088 et

279 2121 369 2176 forma
380 2122 597 2177 celebrabuntur
633 2123 679 2176 Ita
691 2127 787 2177 tamen
799 2128 831 2176 vt
843 2123 954 2194 singula
965 2123 1081 2193 collegia
1093 2121 1212 2194 privatis
1223 2122 1253 2176 iu
1265 2120 1365 2176 edibus

278 2215 309 2264 et
319 2210 396 2265 domi
409 2211 542 2266 lectiones
554 2213 629 2266 locos
641 2229 804 2267 communes
816 2212 992 2283 problemata
1004 2219 1033 2267 et
1046 2211 1221 2267 omnimodas
1237 2211 1363 2281 disputa-

280 2299 374 2353 ciones
390 2299 541 2371 omniaque
557 2306 587 2353 et
603 2300 714 2370 singula
730 2301 786 2355 alia
802 2301 970 2356 scholastica
988 2301 1119 2356 exercitia
1136 2299 1171 2355 ad
1188 2317 1243 2371 que
1258 2300 1362 2370 alioqui

280 2404 330 2458 per
349 2391 460 2443 statuta
479 2405 531 2444 sua
552 2395 686 2444 tenentur
704 2388 854 2460 diligenter
874 2389 1024 2445 observent
1095 2391 1134 2445 Et
1157 2388 1363 2460 disputationes

281 2477 477 2547 magistrorum
501 2476 693 2548 philosophice
714 2478 744 2532 111
765 2477 868 2532 scholis
889 2476 1010 2549 publicis
1031 2478 1145 2533 interim
1167 2475 1292 2530 faciende
1313 2493 1363 2546 pro

280 2565 362 2620 factis
378 2570 545 2620 censeantur
560 2565 653 2636 quoad
671 2567 820 2636 magistros
838 2568 888 2638 qui
906 2567 1014 2622 interea
1031 2567 1167 2639 temporis
1185 2566 1364 2636 disputarent

278 2653 363 2708 sicvt
376 2652 490 2708 bedellis
502 2653 647 2709 collectam
658 2654 771 2708 solitam
784 2655 946 2724 persolvant

209 2740 378 2796 Conceditur
392 2745 425 2795 14
438 2742 534 2796 Martii
546 2760 634 2813 quum
647 2742 707 2796 dies
716 2741 752 2796 ud
762 2741 984 2813 philosophicam
994 2742 1215 2814 disputacionem
1226 2741 1361 2813 assignati
1376 2738 1397 2800 f.
1416 2739 1472 2798 125
1487 2760 1506 2798 a

279 2846 335 2883 non
347 2829 491 2884 sufficiunt
503 2829 656 2900 incepturis
669 2829 820 2885 inertibus
828 2835 861 2884 vt
869 2829 997 2901 quolibet
1009 2830 1054 2885 die
1066 2831 1190 2901 profesto
1203 2830 1258 2884 alia
1267 2829 1362 2900 dispu-

279 2915 352 2970 tacio
365 2915 415 2970 fiet
427 2917 457 2971 ia
468 2915 571 2970 scholis
583 2915 737 2971 dialecticis
748 2916 785 2971 ab
797 2917 866 2972 hora
878 2918 969 2988 prime
980 2922 1046 2987 post
1063 2916 1208 2972 meridiem
1223 2933 1311 2986 vsque
1327 2915 1363 2970 ad

277 3003 390 3058 tertiam
409 3008 538 3074 presente
555 3003 643 3059 altero
661 3009 874 3075 procuratorum
890 3009 920 3059 et
934 3003 1042 3060 bedello
1059 3005 1107 3074 qui
1126 3007 1290 3074 premoneat
1302 3021 1361 3074 pro-

278 3092 394 3145 lectorcs
406 3090 531 3145 eiusdem
543 3091 747 3162 disputacionis

208 3178 377 3234 Conceditur
398 3184 430 3234 19
450 3179 546 3234 Martii
563 3185 594 3235 vt
612 3181 738 3250 magistri
755 3180 883 3235 doctores
903 3179 1035 3234 Hawford
1056 3179 1154 3251 Harvy
1168 3185 1198 3234 et
1214 3179 1287 3250 legg
1304 3179 1363 3232 sint

278 3268 384 3322 iudices
395 3268 514 3338 delegati
526 3269 556 3323 in
569 3287 653 3324 causa
665 3269 864 3342 appellacionis
881 3269 1000 3324 Isabelle
1013 3270 1117 3324 Culton
1129 3270 1170 3324 sic
1182 3269 1257 3340 quod
1274 3269 1364 3322 maior

234 3427 236 3434 y
278 3375 343 3428 pars
355 3375 450 3412 eorum
463 3357 616 3413 decreverit
628 3359 702 3413 inira
713 3363 826 3430 tempus
838 3376 888 3430 per
899 3363 1041 3413 statutum
1058 3357 1213 3413 limitatum
1227 3358 1255 3412 id
1268 3364 1362 3412 retum

278 3449 317 3502 sit

209 3535 302 3602 Quum
324 3554 506 3608 sepenumero
527 3538 680 3609 peticiones
703 3541 784 3608 (quas
805 3538 911 3609 gratias
935 3540 1142 3609 nuncupamus)
1161 3554 1213 3608 pro
1230 3535 1362 3607 gradibus

278 3624 452 3679 scholasticis
469 3629 499 3679 ot
517 3626 580 3680 aliis
597 3625 739 3680 academie
754 3625 897 3681 beneficiis
913 3626 1118 3697 consequendis
1135 3627 1164 3680 in
1181 3633 1283 3682 senatu
1300 3648 1361 3700 pro-

278 3719 422 3782 ponuntur
446 3732 517 3784 quas
541 3715 691 3769 earundem
712 3714 855 3769 candidati
878 3722 976 3785 postea
998 3733 1053 3769 non
1075 3716 1145 3770 eatis
1166 3722 1247 3786 grato
1267 3720 1362 3772 animo

279 3801 496 3873 interpretantes
518 3803 560 3858 vel
585 3821 641 3857 non
661 3808 818 3874 agnoscunt
840 3804 883 3858 vel
904 3805 1018 3859 omnino
1040 3805 1171 3875 rejiciunt
1192 3806 1265 3861 vnde
1286 3808 1360 3878 apud

279 3887 378 3958 vulgus
391 3889 534 3943 academie
549 3889 622 3944 male
638 3890 719 3945 audit
735 3896 765 3945 et
781 3909 837 3944 non
855 3908 941 3961 parva
958 3891 1109 3961 ignominie
1125 3891 1188 3947 lube
1204 3894 1362 3964 aspergitur

279 3976 373 4030 Placet
392 3976 471 4031 vobis
491 3981 524 4031 rt
544 3979 593 4048 qui
615 3977 746 4048 deinceps
767 3978 928 4033 huiuamodi
950 3980 1119 4050 peticionem
1141 3981 1227 4051 capiti
1246 3988 1361 4036 senatus

278 4063 485 4134 proponendam
499 4065 638 4119 curaverit
649 4073 700 4120 eut
712 4064 909 4136 subscripserit
921 4065 975 4120 sub
987 4067 1098 4121 vinculo
1115 4067 1266 4122 iuramenti
1283 4071 1361 4139 prius

278 4151 455 4205 uniuersitati
472 4152 581 4222 prestiti
599 4151 711 4222 publico
727 4153 816 4207 orario
829 4153 929 4224 viginti
942 4153 1046 4209 solidos
1063 4155 1216 4225 persolvere
1231 4161 1362 4212 teneatur

278 4239 314 4294 ad
327 4258 428 4295 manus
440 4241 616 4296 dominorum
630 4246 843 4313 procuratorum
856 4243 931 4298 infra
943 4249 1006 4298 octo
1018 4243 1078 4298 dies
1090 4249 1241 4315 postquam
1258 4248 1360 4300 consti

277 4329 344 4381 terit
365 4328 547 4383 candidatum
569 4333 621 4383 aut
641 4329 714 4384 nolle
735 4336 787 4384 aut
809 4348 860 4402 por
882 4333 1018 4402 temporis
1036 4332 1185 4387 decursum
1205 4351 1260 4387 non
1280 4352 1361 4404 posse

279 4415 439 4471 huiusmodi
451 4417 550 4486 gratiis
562 4417 682 4486 gaudere
730 4419 768 4472 Et
781 4419 831 4473 hec
843 4419 985 4472 concessio
998 4435 1048 4490 pro
1060 4422 1171 4473 statuto
1184 4420 1321 4475 habeatur
1332 4429 1361 4478 et

277 4504 444 4560 observetur
491 4505 631 4561 Concessa
645 4511 678 4561 18
690 4507 708 4563 J
711 4508 771 4562 unii
786 4511 856 4564 1578
