3394 5114
201 365 365 451 1565-66]
640 382 756 432 oaaoa
777 381 869 431 Boou
892 384 915 431 a
1293 367 1356 431 199

202 537 375 594 Conceditur
388 542 417 591 6⁰
428 536 446 592 J
448 537 498 592 ulii
512 540 545 592 vt
558 536 603 610 vj¹¹
617 537 677 610 xiij·
693 537 749 610 iiij(l
763 538 910 594 solvantur
923 539 1074 594 aunuatim
1088 555 1122 592 ex
1139 537 1230 593 erario
1244 537 1356 608 publico

270 626 366 681 leotori
390 625 504 680 domine
529 625 687 697 Margarete
708 626 749 680 sio
767 630 800 680 vt
817 629 949 680 teneatur
966 626 1054 681 aemel
1072 625 1102 681 in
1120 641 1195 681 anno
1213 625 1355 697 predicare

269 714 346 786 apud
358 713 478 770 Burwell

200 802 371 858 Conceditur
382 803 422 856 νιο
433 802 451 857 J
453 801 503 857 ulii
520 802 654 873 quoniam
670 801 750 857 nulla
766 802 867 857 domus
883 803 1045 873 assignatur
1064 802 1167 857 vicario
1183 801 1219 858 do
1235 800 1355 856 Burwell
1368 795 1389 859 f.
1405 797 1480 858 871>

270 890 300 945 in
316 907 373 962 qua
388 891 484 961 quiete
499 895 530 945 et
545 889 690 945 commode
704 889 796 961 possit
810 888 971 944 inhabitare
982 893 1015 944 vt
1025 888 1158 944 dominus
1170 889 1354 961 prooenoelle-

269 979 328 1033 riue
339 977 467 1032 doetoree
480 978 569 1033 Peroe
582 977 716 1033 Hawford
729 977 888 1032 Bmuount
901 975 1016 1031 Hutton
1029 981 1058 1030 et
1071 976 1170 1048 Har-vy
1180 981 1210 1031 et
1222 977 1356 1046 magister

271 1065 359 1121 Ledee
377 1070 407 1121 et
425 1065 533 1121 domini
554 1073 750 1138 procuratores
771 1065 882 1138 possint
902 1068 997 1120 vestro
1017 1063 1193 1120 authoritate
1213 1065 1355 1134 assignare

269 1153 423 1209 eonduoere
444 1159 474 1209 et
491 1154 515 1209 ai
533 1172 605 1225 opus
622 1155 662 1210 ait
680 1159 775 1210 veatro
792 1153 912 1224 pecunia
929 1169 1022 1207 emere
1040 1152 1165 1224 aliquam
1184 1151 1300 1207 domum
1318 1152 1353 1207 ad

269 1261 351 1298 veum
367 1246 482 1314 etopus
497 1243 567 1299 dieti
585 1243 683 1298 vicarii
699 1247 730 1298 et
746 1244 776 1297 in
795 1241 892 1297 eadem
911 1239 1032 1296 eundem
1049 1245 1079 1295 et
1097 1257 1270 1296 successores
1287 1257 1354 1296 auoa

270 1331 404 1385 investire
421 1330 463 1386 ita
475 1334 507 1384 vt
518 1329 548 1385 id
563 1333 659 1385 ratum
675 1334 705 1385 ot
722 1331 835 1385 firmum
854 1330 894 1383 eit
909 1327 986 1399 quod
1002 1345 1050 1383 aex
1067 1327 1179 1383 illorum
1196 1329 1354 1400 peregerint

268 1423 335 1474 ante
347 1419 451 1474 festum
463 1419 554 1476 moti
567 1419 687 1475 Diouiaii
699 1419 859 1491 proximum
