3378 5116
193 326 359 420 1559-60]
631 343 745 393 ossen
767 345 859 393 soon
884 345 907 392 n

536 775 770 843 Bacchalaurei
792 750 827 841 in
850 775 1015 864 theologia

197 983 369 1040 Conceditur
381 987 416 1038 20
432 981 563 1039 Octobris
576 981 711 1054 magistro
724 981 815 1037 Kelke
831 986 863 1036 vt
879 981 1007 1037 studium
1026 985 1059 1038 12
1076 998 1215 1038 annorum
1232 981 1262 1036 in
1278 979 1356 1034 theo-

269 1073 342 1144 logia
353 1078 506 1145 postquam
517 1072 620 1128 rexerit
633 1072 662 1127 in
674 1071 785 1128 artibus
796 1089 862 1126 eum
873 1072 1084 1143 disponsatione
1092 1071 1272 1127 visitatorum
1281 1069 1356 1125 suffi-

268 1160 362 1215 ciatei
376 1159 413 1216 ad
425 1159 590 1216 intrandum
604 1159 634 1213 in
652 1158 749 1214 eadem
762 1163 792 1214 et
807 1159 868 1214 eius
880 1159 1014 1214 admissio
1029 1161 1068 1215 sit
1084 1159 1125 1214 illi
1142 1177 1193 1231 pro
1209 1157 1356 1229 eompletis

269 1247 358 1319 grsdu
369 1253 400 1303 et
411 1248 503 1304 forma
514 1249 555 1303 sic
567 1252 599 1302 vt
611 1247 767 1302 satisfaciat
779 1246 909 1302 omnibus
926 1248 1043 1304 statutis
1060 1247 1179 1319 privatis
1195 1252 1223 1302 ct
1236 1244 1357 1318 publicis

268 1339 335 1391 ente
355 1336 471 1392 comitia
488 1336 616 1407 proxima
636 1340 667 1390 et
690 1335 856 1390 conuiuatus
874 1334 928 1391 sub
947 1353 1020 1408 pena
1040 1335 1098 1408 iiijli
1115 1335 1308 1408 ponendarum
1326 1334 1356 1388 in

270 1423 401 1480 manibus
412 1429 627 1497 procuratomm
639 1429 706 1479 ante
717 1423 778 1479 aius
790 1423 989 1479 admissionem
1002 1424 1073 1480 aliae
1088 1424 1149 1479 eius
1161 1423 1295 1479 admissio
1307 1422 1357 1476 liat

269 1511 351 1568 irrita
422 1513 533 1584 Peragit
551 1513 646 1568 omnin

199 1657 371 1712 Conceditur
392 1661 424 1712 15
442 1657 571 1712 Jenuarii
596 1655 731 1727 magistro
755 1655 917 1711 Beamound
938 1661 971 1711 vt
989 1656 1115 1712 studium
1136 1658 1152 1713 7
1171 1673 1309 1711 annorum
1327 1655 1357 1710 in
1372 1654 1393 1716 f.
1411 1655 1449 1712 58
1460 1674 1479 1711 a

271 1743 412 1814 theologia
432 1745 583 1814 postquam
602 1743 704 1798 rexerit
722 1743 752 1797 in
776 1742 886 1798 artibus
909 1761 975 1798 cum
999 1742 1222 1815 oppositionibus
1245 1759 1357 1814 respon-

270 1831 396 1886 sionibus
417 1831 593 1886 sermonibus
613 1835 643 1886 st
663 1831 726 1886 aliis
748 1831 888 1886 exercitiis
912 1849 963 1902 per
985 1833 1061 1902 regia
1084 1836 1194 1887 statuta
1214 1831 1358 1902 requisitis

271 1919 446 1990 perficiendis
469 1919 544 1973 infra
567 1935 675 1973 annum
696 1917 750 1974 sub
769 1935 843 1990 pana
867 1936 882 1972 c
903 1936 918 1973 s
938 1918 1067 1990 ponenda
1088 1919 1118 1974 in
1143 1917 1274 1974 manibus
1294 1935 1357 1990 pro-

270 2010 431 2062 curatorum
453 2005 573 2060 sufficiat
594 2005 619 2060 ei
642 2003 678 2059 ad
700 2005 864 2060 intrandum
886 2006 916 2060 in
937 2006 1034 2062 eadem
1055 2007 1097 2062 ita
1120 2011 1153 2061 vt
1173 2007 1234 2062 eius
1254 2004 1357 2061 admis-

272 2097 314 2150 sio
337 2101 395 2150 stet
418 2096 444 2149 ei
468 2113 519 2166 pro
543 2094 689 2165 completis
713 2094 803 2149 forma
827 2099 856 2149 et
879 2094 968 2166 gradu
991 2095 1032 2149 sic
1057 2099 1152 2150 tamen
1174 2101 1207 2150 vt
1230 2094 1357 2149 convive·

273 2187 322 2238 tur
342 2183 440 2239 etheo
459 2184 555 2238 omnia
574 2187 689 2254 peragat
709 2182 780 2237 alias
800 2183 861 2238 eius
881 2183 1016 2238 admissio
1037 2184 1076 2238 sit
1095 2184 1176 2238 irrita
1247 2183 1357 2252 Peragit

274 2288 368 2325 omme

202 2356 408 2412 Concediturli
429 2355 573 2412 Febnierii
599 2356 733 2427 magistro
755 2355 906 2428 Robynson
929 2361 961 2412 vt
979 2355 1107 2412 studium
1128 2359 1143 2414 7
1168 2373 1306 2412 annorum
1330 2357 1359 2410 in

275 2446 414 2516 theologia
431 2447 582 2517 postquam
607 2445 710 2500 rexerit
731 2445 760 2499 in
784 2445 895 2500 artibus
918 2463 982 2501 curn
1003 2445 1227 2518 oppositionibus
1248 2463 1360 2517 respon-

274 2533 400 2588 sionibus
424 2539 453 2588 et
477 2533 540 2588 aliis
564 2533 704 2588 exercitiis
728 2549 779 2604 per
797 2533 873 2604 regia
893 2537 1004 2588 statuta
1023 2534 1166 2604 requisitis
1185 2533 1361 2606 perficiendis

275 2621 349 2677 infre
368 2640 474 2677 annum
494 2621 547 2676 sub
566 2638 639 2692 pene.
660 2637 699 2675 os
723 2621 916 2692 ponendorum
940 2622 969 2676 in
995 2621 1125 2677 manibus
1149 2625 1360 2692 procuratorum

274 2711 396 2764 sufficiat
419 2711 445 2764 ei
469 2709 505 2764 ad
534 2708 731 2779 opponendum
757 2714 786 2763 et
810 2708 974 2763 intrandum
1001 2710 1030 2763 in
1058 2709 1156 2764 eadem
1181 2710 1222 2763 ita
1245 2713 1277 2764 rt
1301 2709 1362 2764 eius

274 2798 407 2853 admissio
419 2805 477 2852 stet
489 2798 515 2852 ei
528 2815 579 2869 pro
591 2798 738 2868 eompletis
751 2798 883 2852 formast
896 2797 983 2867 grudu
996 2797 1037 2852 sic
1049 2802 1144 2852 tamen
1154 2803 1187 2853 vt
1198 2799 1363 2852 convivetur

276 2894 306 2940 et
329 2891 421 2941 cetere
445 2885 539 2939 omnia
558 2890 674 2957 peragat
698 2885 778 2940 iuxta
798 2884 938 2940 wademie
958 2885 1189 2940 consuetudinem
1213 2885 1284 2940 alias
1301 2885 1361 2940 eius

274 2973 408 3028 admissio
426 2973 465 3026 sit
482 2973 562 3027 irrita
634 2973 744 3042 Peragit
762 2972 857 3026 omnia

205 3061 375 3116 Conceditur
386 3061 483 3116 eodem
494 3061 629 3130 magistro
644 3061 794 3131 Farmerye
805 3064 838 3114 vt
853 3059 981 3115 studium
998 3063 1014 3116 7
1031 3077 1168 3115 annorum
1181 3061 1211 3115 in
1223 3061 1362 3130 theologia

276 3158 426 3222 postquam
449 3149 551 3204 rexerit
575 3149 604 3203 in
628 3148 738 3204 artibus
756 3167 820 3204 cum
844 3148 1068 3221 oppositionibus
1088 3149 1315 3220 responsionibus
1332 3153 1362 3204 et

276 3237 339 3292 aliis
356 3235 496 3292 exercitiis
513 3253 564 3306 per
580 3237 656 3306 regia
674 3240 784 3291 statuta
801 3237 945 3307 requisitis
967 3237 1142 3307 perficiendis
1162 3241 1229 3292 ante
1248 3237 1363 3291 comitia

278 3325 405 3396 proxima
416 3323 470 3378 sub
486 3340 559 3394 pena
572 3323 618 3395 ij
634 3324 706 3395 xiijs
721 3324 789 3395 iiijd
806 3325 936 3396 ponenda
954 3326 983 3380 in
1001 3324 1132 3380 manibus
1149 3329 1362 3396 procuratorum

278 3418 344 3468 ants
367 3413 427 3468 eius
450 3411 650 3467 admissionem
675 3412 797 3466 sufficiat
818 3411 844 3466 ei
865 3410 902 3466 ed
923 3411 1120 3483 opponendum
1144 3417 1173 3466 et
1197 3411 1362 3466 intrandum

278 3502 307 3556 in
325 3501 422 3556 eadem

207 3590 377 3646 Conceditur
390 3591 422 3646 l7
436 3588 505 3642 Maii
515 3588 649 3659 magistro
659 3588 814 3642 Stevenson
825 3589 857 3641 vt
869 3586 996 3641 studium
1009 3589 1024 3643 7
1035 3602 1172 3641 annorum
1182 3587 1211 3640 in
1224 3585 1363 3656 theologia

278 3685 427 3751 postquam
448 3678 550 3732 rexerit
572 3678 602 3732 in
625 3675 735 3731 artibus
756 3693 821 3730 cum
841 3673 1069 3745 responsionibus
1090 3674 1313 3746 oppositionibus
1333 3677 1363 3729 et

278 3767 454 3822 sermonibus
465 3784 516 3837 per
527 3769 638 3821 statuta
649 3766 724 3836 regia
741 3765 885 3836 requisitis
897 3763 1071 3835 perficiendis
1088 3764 1161 3818 infra
1176 3781 1282 3818 annum
1300 3768 1363 3834 post

278 3856 337 3910 eius
349 3853 548 3909 admissionem
560 3853 615 3908 sub
627 3869 699 3924 pena
711 3852 813 3922 viginti
829 3853 966 3907 nobilium
983 3850 1174 3922 ponendorum
1187 3851 1217 3905 in
1233 3850 1364 3905 manibus

279 3945 491 4012 procuratorum
514 3943 581 3994 ante
605 3941 666 3994 eius
689 3938 889 3994 admissionem
912 3939 1034 3994 sufficiat
1054 3940 1079 3992 ei
1098 3939 1134 3994 ed
1151 3938 1315 3994 intrandum
1326 3940 1364 3993 in

277 4047 356 4085 saera
373 4029 513 4100 theologis
584 4028 734 4083 Admissus
752 4027 849 4082 eodem

208 4118 379 4174 Conceditur
394 4123 411 4172 b
426 4118 443 4173 J
447 4118 495 4172 ulii
513 4117 647 4187 magistro
664 4117 747 4189 Maye
762 4120 795 4170 vt
811 4116 938 4172 studium
956 4121 971 4174 7
988 4133 1125 4171 annorum
1144 4117 1174 4170 in
1191 4133 1270 4170 sacra
1286 4116 1363 4170 theo-

278 4207 351 4278 logia
362 4212 514 4278 postquam
526 4205 629 4259 rexerit
645 4205 674 4259 in
691 4204 801 4259 artibus
817 4223 882 4260 eum
899 4203 1123 4275 oppositionibus
1138 4203 1365 4275 responsionibus

278 4295 454 4352 sermonibus
466 4298 496 4350 et
507 4293 572 4348 aliis
588 4293 728 4348 exercitiis
744 4311 795 4364 per
810 4294 885 4364 ragis
901 4297 1011 4347 statuta
1028 4292 1172 4364 requisitis
1189 4292 1364 4364 perficiendis

279 4389 346 4441 ante
357 4383 485 4460 proxima
496 4382 612 4440 comitia
623 4381 678 4438 sub
689 4399 763 4456 pena
779 4385 814 4437 20
831 4381 968 4437 nobilium
983 4381 1175 4456 ponendorum
1192 4381 1222 4438 in
1233 4379 1365 4440 manibus
