3376 5108
764 349 878 401 osnes
900 351 994 400 noorr
1015 351 1039 398 n
1322 331 1487 417 [1561-62

217 1199 322 1260 rens
789 1198 1035 1284 [roci-1562]

335 1405 457 1470 Gratim
486 1405 556 1470 siue
586 1403 765 1491 peticiones
790 1425 939 1468 concesse
969 1404 1002 1468 in
1031 1404 1128 1490 plene
1149 1405 1398 1492 congregatione
1425 1403 1487 1467 Re-

421 1511 570 1598 gentium
601 1523 636 1573 et
668 1530 733 1573 non
770 1508 968 1595 Regentium
999 1530 1019 1572 e
1049 1508 1131 1574 festo
1169 1509 1284 1574 Sancti
1320 1507 1489 1574 Michaelis

421 1614 618 1702 Archangeli
641 1636 727 1678 enno
751 1617 832 1679 1561
859 1635 959 1700 vsque
983 1613 1071 1679 idem
1096 1615 1216 1680 festum
1241 1623 1320 1680 tuno
1343 1613 1489 1700 proxime

421 1743 559 1807 sequens
618 1719 769 1805 Philippo
792 1719 899 1784 Baker
921 1741 1009 1784 sacre
1031 1719 1193 1804 theologie
1213 1719 1388 1805 professore
1409 1727 1488 1783 tunc

422 1824 681 1890 vicecancellario
711 1835 745 1887 et
776 1822 941 1887 Willelmo
974 1823 1097 1888 Muster
1126 1831 1161 1888 et
1191 1823 1331 1910 Georgio
1367 1823 1488 1909 Blythe

419 1928 681 2017 procuratoribus

209 2167 211 2173 .
333 2125 503 2182 Conceditur
520 2128 553 2178 13
570 2123 701 2179 Octobris
717 2128 749 2176 vt
767 2139 865 2177 omnes
882 2123 978 2193 grstire
996 2122 1171 2178 admittendo
1189 2141 1238 2194 per
1256 2121 1400 2178 dominum
1417 2123 1494 2177 vioe-¹

403 2213 597 2270 cancellarium
616 2213 744 2268 doctores
763 2212 851 2266 Perne
869 2211 979 2267 Goscon
996 2217 1026 2266 et
1042 2211 1156 2267 Wallrer
1172 2212 1320 2282 magistros
1338 2211 1442 2283 Stokys
1460 2215 1490 2265 et

404 2301 485 2356 Nolre
501 2301 611 2373 possint
627 2317 789 2355 concurrere
806 2299 835 2354 in
851 2303 974 2370 quotuor
989 2298 1249 2370 congregationibus
1265 2299 1350 2354 huius
1365 2299 1432 2355 enni
1449 2300 1489 2354 sic

404 2395 435 2444 vt
447 2405 544 2443 omnes
556 2389 734 2444 consentient

695 2706 927 2773 Buecheleurei
948 2707 982 2772 in
1006 2706 1131 2774 artibus

333 2896 503 2953 Conceditur
519 2898 553 2949 lt
572 2891 735 2949 Decembris
755 2891 878 2947 Henrico
894 2891 992 2948 Cliffer
1008 2899 1040 2948 vt
1058 2893 1087 2948 xi
1105 2894 1219 2950 termini
1236 2911 1302 2949 cum
1320 2894 1441 2949 termino
1459 2893 1489 2947 in

403 3004 460 3058 quo
471 2987 501 3040 in
514 2984 619 3055 quibus
631 2982 764 3038 lectiones
776 2979 931 3037 ordinarios
943 2982 1052 3037 audivit
1064 2983 1130 3038 licet
1142 2998 1197 3036 non
1210 2982 1324 3037 omnino
1335 2981 1489 3037 secundum

403 3075 523 3130 formam
539 3071 643 3126 stetuti
659 3087 725 3124 oum
741 3069 966 3141 oppositionibus
983 3069 1212 3142 responsionibus
1227 3073 1257 3126 et
1272 3071 1335 3125 aliis
1350 3070 1490 3125 exercitiis

404 3179 455 3236 per
464 3162 540 3232 regie
551 3163 662 3214 statute
673 3158 819 3229 requisitis
831 3159 1009 3214 sufficientei
1022 3157 1058 3214 sd
1070 3158 1294 3230 respondendum
1307 3159 1447 3229 questioni

334 3250 504 3306 Conceditur
528 3253 562 3304 lt
584 3246 747 3302 Decembris
770 3246 813 3301 Jo.
837 3247 909 3301 Bute
929 3252 961 3301 vt
985 3247 1022 3319 xij
1045 3248 1158 3303 termini
1182 3248 1212 3302 in
1233 3247 1337 3319 quibus
1357 3247 1491 3302 lectiones

404 3337 559 3393 ordinarias
578 3333 687 3390 audivit
705 3333 773 3388 licet
791 3351 847 3388 non
867 3333 982 3389 omnino
1000 3334 1152 3390 secundum
1170 3335 1289 3390 formem
1305 3336 1407 3390 statuti
1424 3353 1489 3391 cum

404 3422 628 3498 oppositionibus
654 3421 882 3494 responsionibus
905 3426 935 3477 et
958 3423 1022 3478 eliis
1045 3423 1185 3478 exercitiis
1209 3440 1259 3494 per
1282 3423 1357 3496 regie
1380 3429 1490 3479 stututu

404 3514 548 3586 requisitis
565 3511 707 3566 sufficient
724 3511 749 3566 ei
768 3510 805 3565 sd
822 3510 1047 3582 respondendum
1065 3511 1206 3582 questioni

336 3605 442 3662 Eodem
462 3601 553 3673 gretie
573 3598 737 3654 conceditur
757 3601 791 3653 23
812 3598 942 3654 Jenuerii
964 3599 1102 3655 Lodorieo
1122 3599 1262 3656 Williams
1280 3600 1324 3656 W.
1345 3599 1490 3674 Bromfyld

407 3692 504 3747 trane
531 3687 641 3759 Burghe
666 3687 709 3744 W.
735 3687 865 3759 Tweytes
888 3688 932 3745 W.
959 3687 1079 3760 Hertley
1103 3689 1154 3744 Ed
1180 3689 1290 3746 Croftes
1315 3691 1363 3747 Ro.
1389 3693 1490 3748 Genet

408 3777 559 3835 laurentio
578 3775 730 3832 Berncwell
748 3775 800 3832 Ed.
819 3776 884 3847 Gyll
902 3776 979 3833 Rioo.
999 3777 1087 3848 Ridge
1106 3777 1186 3832 Edm.
1205 3777 1312 3833 Burton
1329 3779 1372 3835 W.
1390 3780 1489 3835 Sterne

406 3869 450 3925 W.
471 3867 617 3938 Chepmen
637 3865 680 3920 W.
703 3864 813 3919 Fourde
835 3864 909 3919 Luce
930 3864 1042 3937 Gylpyn
1062 3865 1106 3921 W.
1128 3865 1237 3921 Fenton
1259 3867 1370 3923 Humir.
1391 3870 1490 3925 Asknll

407 3957 476 4011 Tho.
501 3953 620 4032 Smythe
644 3952 688 4009 W.
712 3951 814 4008 Clerlre
837 3953 910 4024 Aug.
935 3953 1062 4008 Stewsrd
1085 3952 1129 4012 Jo.
1154 3953 1277 4010 Stubbes
1303 3956 1347 4012 Jo.
1372 3955 1490 4014 Wetson

408 4045 476 4099 The.
495 4041 638 4114 Aldrydgc
655 4041 698 4097 W.
718 4040 781 4096 Sole

338 4133 444 4189 Eodem
456 4131 547 4202 gretie
558 4129 721 4184 conceditur
732 4133 767 4184 30
778 4128 906 4184 anuerii
919 4129 1069 4186 Vincentio
1080 4129 1161 4186 'rure
1172 4131 1271 4203 Egidio
1285 4134 1412 4190 Potriclre

338 4221 444 4277 Eodem
462 4218 552 4290 gratis
570 4216 732 4272 conceditur
750 4221 784 4272 23
801 4217 931 4272 anusrii
949 4235 1014 4273 cum
1032 4219 1059 4290 xj
1077 4220 1206 4275 terminis
1223 4220 1267 4276 Jo.
1288 4221 1387 4295 Kynge
1406 4225 1489 4282 Lour.

409 4308 496 4380 Ryley
510 4307 536 4361 N
539 4305 645 4361 icholoo
658 4303 809 4378 Robyuson
825 4305 861 4360 H.
875 4306 1042 4361 Crsnshewe
1054 4307 1072 4362 J
1073 4325 1097 4364 o.
1110 4307 1279 4364 Grenewood
1297 4311 1355 4366 Ric.
1368 4311 1386 4366 J
1388 4313 1492 4370 scheon

409 4397 516 4452 Simoni
529 4395 624 4449 Buclre
695 4395 733 4448 lit
746 4399 781 4448 ³0
793 4395 921 4450 anusrii
934 4395 977 4450 Jo.
992 4397 1127 4452 Newlend
