3408 5116
332 333 397 394 334
768 346 882 396 unios
905 347 997 395 soon
1023 348 1045 395 n
1328 330 1492 416 [1579-80

331 501 499 558 Conceditur
523 508 552 559 4⁰
577 504 674 558 Martii
722 502 794 558 Cum
818 502 1027 575 disputaciones
1051 501 1243 575 philosophice
1266 503 1406 558 ordinarie
1430 521 1486 558 non

400 592 544 648 sufficiunt
559 593 612 648 hoc
626 610 700 648 anno
717 592 873 663 incepturis
889 591 919 646 in
936 589 1046 646 artibus
1062 595 1094 646 vt
1110 590 1318 662 disputaciones
1334 591 1488 648 extraordi-

399 681 476 737 narie
493 681 564 738 fiunt
581 683 612 737 in
628 681 730 738 scholis
746 680 947 754 philosophicis
963 678 1000 735 ab
1016 679 1085 734 hora
1101 679 1194 750 prima
1209 697 1298 752 vsque
1316 680 1352 736 sd
1370 680 1486 736 tertiam

400 770 531 826 omuibus
542 771 642 828 diebus
654 772 785 843 profestis
799 769 922 843 presenti
940 769 1029 824 altero
1045 775 1257 840 procuratorum
1274 775 1305 826 et
1321 789 1355 825 ex
1373 769 1488 826 bedellis
1521 815 1527 830 .

399 875 455 913 vno
467 857 516 929 qui
529 857 619 928 pridie
631 857 732 912 saltem
744 861 812 912 ante
826 855 1051 928 disputacionem
1063 859 1227 926 premoneat
1239 856 1405 926 prelectores
1417 855 1487 929 pub-

398 946 466 1001 licos
488 946 582 1001 iuture
603 944 806 1018 disputacionis
827 949 857 1000 et
875 945 931 999 vna
948 943 1044 998 adsint
1063 943 1092 998 in
1111 942 1211 998 habitu
1229 961 1278 1000 sex
1296 943 1484 1000 bacchalaurii

399 1033 503 1088 artium
516 1032 551 1088 sd
564 1032 714 1088 minimum
726 1031 766 1086 sic
779 1037 811 1087 vt
823 1031 983 1102 disputator
994 1034 1023 1086 et
1035 1029 1207 1102 respondeus
1219 1048 1275 1085 non
1287 1031 1347 1087 siut
1359 1031 1484 1088 eiusdem

400 1121 507 1191 collegii
531 1126 561 1174 et
584 1116 785 1190 respondentes
806 1122 955 1189 vtramque
976 1118 1116 1189 explicent
1134 1119 1310 1188 questionem
1328 1124 1358 1175 et
1374 1119 1400 1174 si
1417 1118 1486 1191 quid

401 1214 498 1265 contra
509 1209 629 1263 formum
640 1207 725 1264 huius
736 1207 833 1279 gratioe
846 1207 1016 1264 admittatur
1027 1212 1096 1263 tuuc
1108 1207 1156 1263 illa
1167 1206 1325 1280 disputacio
1341 1225 1392 1280 pro
1407 1207 1486 1264 nulla

400 1297 538 1353 habeatur

330 1384 500 1441 Conceditur
513 1389 546 1442 16
559 1385 656 1440 Martii
692 1385 787 1452 Quum
803 1385 950 1456 ingruente
965 1390 1045 1456 peste
1060 1403 1117 1440 non
1134 1384 1173 1440 sit
1190 1389 1288 1441 tutum
1304 1383 1485 1443 scholasticos

400 1473 459 1528 fieri
476 1491 628 1528 concursus
639 1477 671 1528 vt
684 1472 818 1528 hodierno
829 1473 875 1529 die
886 1474 1026 1529 terminus
1041 1473 1212 1529 dissolvatur
1224 1492 1313 1546 vsque
1324 1473 1360 1529 ad
1375 1473 1485 1531 vndeci-

401 1579 479 1616 mum
494 1565 559 1633 post
572 1562 659 1617 Pasce
675 1561 750 1616 diem
765 1562 807 1618 ita
823 1567 919 1618 tamen
933 1567 966 1618 vt
979 1561 1188 1635 disputaciones
1206 1563 1396 1636 philosophice
1412 1563 1483 1620 ordi·

400 1651 478 1706 narie
499 1649 612 1705 iuterim
633 1650 758 1706 faciende
779 1668 830 1724 pro
850 1652 933 1707 factis
954 1655 1122 1708 censeantur
1144 1651 1237 1724 quoad
1262 1652 1411 1724 magistros
1434 1653 1485 1725 qui

398 1738 577 1808 disputarent
594 1737 806 1794 bucchalaurios
824 1743 854 1794 et
871 1737 995 1794 bedellos

328 1827 497 1882 Conceditur
509 1831 525 1884 8
537 1826 556 1881 J
557 1826 607 1882 ulii
619 1831 652 1882 vt
663 1826 821 1900 inceptores
832 1826 964 1884 absentes
977 1827 1007 1882 in
1019 1827 1065 1883 die
1080 1827 1259 1884 comitiorum
1276 1833 1305 1884 et
1321 1828 1405 1884 hodie
1421 1846 1483 1902 pre·

398 1919 492 1970 sentos
513 1913 623 1985 possint
642 1915 731 1970 creari
755 1915 889 1971 hodierno
914 1915 960 1971 die
983 1915 1013 1971 iu
1037 1915 1141 1971 scholis
1165 1916 1286 1988 publicis
1310 1921 1340 1972 et
1365 1915 1482 1972 eandem

399 2003 546 2058 obtineant
563 2002 757 2059 senioritatem
769 2020 855 2075 quam
867 2003 909 2059 eis
920 2005 1001 2076 pater
1015 2003 1171 2075 assignarit
