3408 5116
774 373 888 424 onice
910 375 1002 424 eoos
1026 377 1048 424 s
1332 359 1500 446 [1583-84

724 822 880 888 Doctores
901 823 936 889 in
958 823 1120 890 medicine

342 1023 511 1080 Conceditur
525 1029 558 1080 18
571 987 640 1080 111.ἰί
655 1026 789 1097 magistro
801 1025 909 1081 Thome
922 1025 1089 1082 Mundeford
1103 1032 1134 1081 vt
1147 1027 1276 1082 studium
1289 1029 1304 1084 7
1317 1044 1456 1082 annorum
1468 1025 1499 1081 in

412 1112 551 1168 medicine
563 1119 711 1184 postquem
724 1114 825 1169 rexerit
838 1115 869 1169 in
880 1113 989 1170 artibus
1001 1132 1066 1170 oum
1078 1115 1304 1187 oppositionibus
1313 1115 1499 1186 responsioni·

412 1198 465 1254 bus
485 1200 641 1271 ceterisque
659 1201 798 1255 exercitiis
818 1219 867 1272 per
886 1203 962 1273 regie
980 1206 1091 1257 statute
1111 1203 1256 1274 requisitis
1274 1203 1396 1258 sufficiet
1414 1203 1440 1258 ei
1461 1202 1499 1257 ed

412 1287 601 1358 incipiendum
626 1287 654 1342 in
680 1288 818 1343 medicine
878 1289 1048 1345 Conceditur
1072 1295 1106 1347 27
1133 1291 1214 1346 Junii
1238 1291 1373 1362 magistro
1398 1289 1499 1362 Egidio

413 1374 542 1430 Petricke
560 1381 592 1430 vt
609 1393 674 1432 cum
689 1377 759 1433 estis
776 1377 920 1433 commode
936 1377 982 1432 bic
998 1377 1096 1433 edesse
1113 1396 1170 1434 non
1186 1384 1281 1450 potest
1298 1379 1334 1434 sd
1352 1397 1386 1433 es
1403 1379 1500 1434 omnis

411 1464 579 1534 perficienda
589 1463 693 1535 quibus
705 1483 761 1520 non
773 1466 815 1520 ite
829 1465 938 1537 pridem
953 1471 1047 1523 vestra
1063 1468 1093 1523 in
1111 1485 1176 1522 eum
1192 1467 1387 1524 benevolentis
1402 1469 1499 1522 termi-

412 1557 479 1606 neta
495 1558 556 1607 eret
571 1558 602 1608 vt
616 1553 743 1609 studium
763 1558 795 1607 15
814 1571 952 1609 annorum
971 1555 1000 1608 in
1019 1555 1158 1610 medicina
1176 1561 1328 1627 postquem
1346 1555 1449 1611 rexerit
1467 1554 1497 1609 in

410 1637 520 1694 artibus
538 1657 602 1695 oum
620 1641 799 1713 responsione
817 1641 971 1697 solenniis
989 1643 1123 1714 vesperiis
1140 1645 1318 1699 comitiorum
1334 1643 1457 1699 sufficiet
1473 1643 1499 1697 ei

411 1725 447 1780 ed
460 1726 649 1798 incipiendum
662 1729 691 1783 in
704 1727 802 1784 eodem
814 1729 949 1785 facultate

704 2123 791 2188 Ordo
814 2121 1013 2189 senioritetis
1035 2146 1137 2209 uturp.

800 2330 826 2385 d.
841 2331 969 2385 Putricke

798 2418 825 2474 d.
841 2418 1009 2474 Mundeford

659 2825 918 2892 Bacchaleureus
940 2827 974 2892 in
993 2825 1068 2913 jure
1091 2825 1178 2892 civili

340 3027 509 3083 Conceditur
523 3031 556 3082 18
569 3027 637 3082 Msii
655 3026 751 3098 Georg.
765 3025 901 3083 Newmon
916 3031 948 3082 vt
964 3024 1091 3083 studium
1108 3031 1124 3080 5
1141 3043 1280 3081 annorum
1297 3026 1326 3081 in
1344 3026 1405 3081 iure
1421 3025 1498 3082 civili

409 3133 474 3170 cum
493 3115 717 3187 oppositionibus
737 3115 963 3186 responsionibus
981 3115 1137 3186 ceterisque
1158 3114 1297 3169 exercitiis
1316 3131 1366 3185 per
1386 3119 1498 3170 statute

410 3206 485 3276 tegio
496 3205 640 3276 requisitis
652 3205 774 3259 sufficiat
785 3205 811 3258 ei
823 3203 859 3258 ed
873 3199 1037 3259 intrandum
1050 3203 1080 3258 in
1093 3203 1190 3257 eodem
1202 3202 1263 3257 iure
1278 3202 1319 3255 sio
1336 3207 1367 3256 vt
1383 3219 1497 3274 respon·

408 3293 475 3348 dest
488 3292 517 3347 in
529 3292 630 3348 babitu
642 3291 833 3348 baccbslsurei

681 3677 912 3744 Becohaleurci
936 3677 970 3742 in
994 3677 1159 3764 theologie

340 3882 509 3937 Conceditur
523 3885 555 3936 11
567 3880 648 3936 Junii
662 3882 795 3952 magistro
812 3881 856 3936 Jo.
874 3882 972 3937 Ducke
989 3887 1020 3937 vt
1036 3882 1164 3938 studium
1183 3885 1198 3939 7
1215 3898 1354 3937 annorum
1371 3882 1400 3936 in
1417 3883 1495 3938 theo·

410 3970 483 4041 logie
494 3975 645 4042 postquam
657 3970 760 4024 rexerit
773 3969 801 4022 in
817 3969 926 4024 artibus
943 3987 1007 4024 cum
1024 3969 1251 4041 opposicionibus
1269 3969 1496 4041 responsionibus

410 4055 585 4112 sermonibus
601 4059 631 4110 et
646 4056 709 4111 eliis
728 4055 868 4110 exercitiis
884 4073 934 4127 per
948 4060 1059 4111 statute
1074 4057 1150 4128 regie
1168 4057 1312 4127 requisitis
1333 4057 1454 4114 sufficiet
1469 4059 1495 4114 ei

411 4149 470 4198 tum
483 4143 519 4198 od
531 4143 728 4214 opponendum
740 4159 827 4213 quem
840 4143 876 4198 ed
889 4142 1054 4197 intrandum
1066 4143 1096 4197 in
1109 4161 1189 4198 secra
1205 4143 1345 4214 theologis
1389 4143 1496 4200 Eodem

409 4233 500 4304 gretia
518 4231 680 4287 conceditur
696 4231 794 4286 eodem
813 4231 956 4301 magistris
975 4231 1018 4286 Jo.
1040 4231 1103 4303 Byll
1123 4232 1179 4286 Tri.
1198 4231 1295 4286 Frenc.
1314 4231 1390 4286 Snell
1406 4237 1435 4286 et
1451 4231 1496 4288 Jo.

412 4322 468 4375 Fox
486 4319 625 4375 Johennis
661 4321 694 4376 27
713 4318 794 4374 Junii
812 4319 954 4389 magistris
973 4319 1045 4374 ch.
1065 4319 1195 4391 Vaylond
1214 4319 1282 4373 Rob.
1305 4319 1417 4374 Hutton
1440 4319 1497 4374 Tri.

410 4407 458 4462 W⁰
470 4408 597 4462 Witteffe
609 4407 657 4461 W⁰
669 4406 765 4463 Wbitc
778 4407 882 4478 Regino
893 4412 924 4462 et
937 4411 964 4462 1⁰
976 4406 993 4460 J
996 4407 1045 4462 ulii
1058 4409 1193 4479 magistro
1205 4407 1249 4462 Jo.
1264 4407 1453 4479 Hutcbynson
