3400 5126
224 319 388 404 1574-75]
671 340 783 388 onnes
806 339 898 388 neon
921 340 944 387 Δ
1317 329 1381 392 283

224 493 393 550 Conceditur·
414 500 443 551 8⁰
462 495 542 550 Junii
564 497 699 566 magistro
717 496 842 552 iohanni
867 497 929 552 Bell
953 505 986 554 vt
1006 498 1135 555 studium
1154 505 1170 554 5
1189 517 1327 556 annorum
1352 501 1380 555 in
1394 499 1415 559 i.
1435 499 1522 558 lita

293 583 433 654 theologia
449 589 514 655 post
525 584 643 656 gradum
658 585 908 641 bacchalaurentus
919 587 949 641 in
963 585 1061 642 eadem
1073 593 1236 659 susceptum
1249 606 1313 643 eum
1327 606 1382 643 vno

294 688 422 728 sermone
438 672 475 727 ad
491 673 597 729 elerum
613 679 642 730 et
654 692 710 730 vno
726 675 763 730 ed
779 675 915 747 populum
928 676 1050 732 sufficiat
1061 677 1087 732 ei
1099 676 1135 732 ad
1148 676 1339 749 incipiendum
1351 677 1381 732 in

295 779 373 816 sacre
385 762 526 834 theologia

225 849 393 905 Conceditur
409 855 438 906 3ο
450 851 468 905 J
470 851 530 906 unii
548 852 683 922 magistm
698 852 823 907 Johanni
841 852 958 924 Bridges
975 857 1007 908 vt
1022 853 1149 909 studium
1166 860 1335 910 bannorum
1352 857 1382 910 in

295 937 434 1010 theologia
451 943 516 1011 post
530 939 647 1010 gradm
661 939 911 996 bacchalaumatus
923 941 953 996 in
966 941 1063 996 eedem
1076 947 1238 1014 susceptum
1251 961 1316 998 eum
1329 961 1384 998 vna

295 1026 472 1096 opposicione
488 1032 517 1082 et
530 1045 585 1083 vno
602 1045 730 1083 sermone
743 1027 778 1084 ad
791 1028 897 1084 clerum
914 1029 1035 1085 sufficiet
1051 1030 1077 1084 ei
1093 1030 1128 1085 ad
1146 1029 1338 1102 incipiendum
1353 1031 1381 1087 in

295 1114 435 1186 theologia

589 1328 676 1394 Ordo
699 1328 898 1394 senioritatis
920 1350 1022 1413 nrary.

333 1489 373 1544 Μῐ
392 1489 429 1543 I)r
446 1489 553 1545 Wilson
679 1492 720 1545 Μῐ
739 1491 777 1545 Dr
795 1491 854 1546 Bell
1009 1490 1051 1544 Mr
1070 1491 1107 1544 I)r
1125 1489 1296 1560 Derrington

333 1578 374 1632 ldr
392 1579 429 1632 Dr
447 1579 512 1634 Still
679 1579 720 1634 Mr
739 1581 776 1634 D‘
794 1579 910 1650 Bridges
1012 1578 1053 1632 Mr
1071 1579 1109 1633 Dr
1127 1579 1237 1634 Norton

493 1850 650 1914 Doctores
675 1849 707 1914 iu
733 1849 898 1935 theologia
921 1849 1118 1934 incorporati

227 2012 397 2068 Conceditur
410 2018 444 2067 22
457 2013 564 2084 Aprilis
577 2021 608 2066 vt
625 2011 794 2066 reuerendus
811 2012 839 2065 in
857 2011 971 2066 Christo
988 2015 1069 2082 pater
1084 2010 1215 2066 dominus
1227 2011 1385 2067 willelmus

297 2103 445 2175 episcopus
463 2103 638 2175 Asapheusis
656 2102 695 2157 sit
713 2102 759 2157 hic
777 2102 852 2173 apud
871 2119 921 2156 vos
939 2102 968 2156 iu
991 2101 1107 2156 oiisdem
1128 2101 1217 2172 gradu
1238 2100 1336 2156 ordine
1356 2105 1386 2156 et

298 2207 372 2245 anno
387 2189 492 2261 quibus
508 2189 564 2244 luit
582 2189 612 2243 iu
629 2188 773 2244 academia
790 2187 943 2243 Oxoniensi
961 2192 991 2244 et
1009 2187 1179 2243 admittatur
1196 2187 1232 2242 ed
1249 2188 1385 2259 placitum

298 2284 378 2334 extra
395 2279 611 2334 vniuersitatcm
633 2295 684 2350 per
700 2278 847 2334 dominum
865 2277 1122 2333 vicecancellarium
1143 2283 1194 2333 aut
1213 2277 1301 2333 alium
1322 2277 1385 2333 doe-

298 2371 385 2423 torem
404 2369 565 2440 peripsum
584 2367 783 2438 assigrrendum
803 2367 871 2422 date
889 2367 967 2438 prius
985 2366 1039 2422 fide
1056 2367 1093 2422 de
1110 2367 1280 2422 auctoritate
1300 2367 1385 2439 Regia

298 2460 328 2510 et
339 2457 457 2511 statutis
469 2461 499 2511 et
511 2456 664 2528 privilegiis
674 2455 868 2510 uniuersitatis
881 2461 976 2509 nostre
988 2454 1169 2510 observandis
1205 2455 1386 2510 Presentatus

235 2605 237 2610 ¹
300 2547 328 2597 2⁰
340 2544 357 2598 J
361 2544 409 2598 ulii
423 2545 478 2599 luit
490 2545 625 2615 magister
637 2545 735 2599 doctor
751 2543 840 2598 Fullre
855 2543 969 2597 nomine
981 2544 1171 2614 procuratorio
1182 2543 1252 2598 dicti
1264 2544 1385 2616 episcopi

298 2636 327 2684 et
340 2631 436 2686 iurans
448 2632 477 2686 in
490 2633 614 2686 animam
627 2631 696 2686 dicti
709 2631 831 2702 episcopi
844 2647 894 2700 per·
906 2629 1048 2684 doctorem
1061 2631 1220 2686 Choderton

229 2719 397 2774 Conceditur
420 2725 437 2773 4
458 2719 529 2775 Julii
551 2725 583 2774 vt
607 2719 741 2789 magister
765 2717 862 2772 doctor
886 2717 1065 2786 Bullingham
1086 2722 1116 2772 et
1136 2719 1269 2789 magister
1289 2719 1386 2772 doctor

300 2806 392 2860 lewes
410 2807 548 2878 theologie
566 2809 736 2878 professores
755 2807 783 2860 in
803 2806 946 2860 academia
965 2805 1114 2861 Oroniensi
1134 2811 1166 2860 vt
1183 2807 1242 2861 sint
1260 2807 1304 2860 his
1323 2807 1385 2876 (sic)

298 2893 371 2965 apud
393 2912 440 2948 vos
459 2896 488 2948 in
507 2894 621 2948 eiisdem
641 2894 729 2964 gradu
748 2893 844 2947 ordine
862 2897 983 2948 stanno
1001 2893 1106 2964 quibus
1126 2894 1243 2948 luerunt
1261 2895 1290 2947 in
1309 2895 1385 2948 dicte

297 2983 440 3037 academia
480 2983 637 3038 Presentuti
650 2985 666 3039 i
679 2982 696 3036 J
699 2983 750 3037 ulii
762 3001 811 3053 per
823 2981 965 3038 doctorem
978 2982 1137 3038 Choderton

373 3275 495 3341 Gratiae
519 3297 582 3340 non
606 3285 838 3339 concernentes
860 3273 997 3360 gradum
1021 3283 1081 3339 aut
1104 3276 1238 3338 sormam

229 3431 398 3489 Conceditur
417 3441 450 3490 10
463 3435 593 3491 Octobris
609 3453 673 3489 cunr
691 3435 779 3506 pistis
796 3435 886 3489 indies
903 3434 989 3488 letius
1006 3453 1036 3489 se
1048 3434 1190 3489 diffundat
1203 3434 1294 3505 placet
1305 3434 1385 3488 ‘vobis

300 3528 332 3577 vt
352 3525 490 3578 terminus
511 3524 683 3579 dissolvetur
703 3541 791 3594 vsque
809 3523 845 3578 ad
865 3527 898 3578 13
916 3523 991 3578 diem
1010 3523 1139 3578 Jnnuarii
1158 3523 1277 3594 proximi
1296 3522 1384 3577 futuri

300 3617 329 3668 ot
350 3612 558 3684 disputaciones
582 3612 773 3684 philosophico
794 3631 844 3684 per
866 3611 1015 3684 magistros
1035 3613 1141 3668 artium
1163 3613 1277 3667 interim
1295 3612 1385 3667 fiendo

300 3719 351 3772 pro
373 3701 456 3757 iactis
477 3709 645 3757 censeantur
666 3705 726 3755 tam
748 3700 784 3756 ad
809 3702 958 3772 magistros
979 3703 1026 3772 qui
1049 3701 1227 3772 disputarent
1244 3720 1330 3772 quam
1349 3701 1384 3756 nd

301 3791 515 3846 baccholaureos
531 3791 580 3862 qui
597 3791 798 3862 responderent
816 3791 856 3844 sic
874 3795 906 3844 vt
921 3798 1084 3846 cousuetam
1100 3791 1261 3862 pontionem
1273 3791 1385 3846 solvant

302 3877 417 3934 hedellis
433 3885 463 3934 et
478 3884 509 3934 rt
526 3878 652 3950 sophiste
670 3879 777 3933 interea
794 3879 928 3950 temporis
944 3877 1031 3934 libere
1046 3879 1157 3950 possint
1172 3877 1317 3951 disputem
1335 3897 1385 3950 pro

299 3966 432 4037 gradibus
446 3967 506 4022 suis
518 3969 547 4021 in
558 3967 701 4038 presentia
713 3966 892 4021 collectorum
905 3971 935 4021 et
946 3971 964 4022 6
976 3967 1095 4022 aliorum
1107 3967 1276 4022 scholarium

229 4055 398 4110 Conceditur
409 4055 506 4111 codem
518 4055 564 4110 die
577 4055 673 4109 Placet
683 4053 761 4108 vobis
771 4059 803 4108 vt
815 4073 870 4108 non
884 4054 1016 4109 obstante
1026 4059 1118 4109 vostro
1130 4054 1240 4110 decreto
1253 4055 1386 4111 hodierno

299 4144 345 4198 die
364 4144 539 4215 promulgato
557 4144 592 4198 de
610 4144 732 4198 termino
753 4143 930 4198 dissolvendo
950 4143 990 4197 sit
1011 4148 1106 4198 himen
1129 4144 1228 4215 plenus
1249 4145 1386 4200 terminus

300 4253 314 4288 a
334 4239 363 4288 3⁰
377 4233 423 4289 die
439 4230 608 4289 Novembris
625 4233 744 4304 proximi
762 4233 849 4287 futuri
868 4251 955 4304 vsque
971 4233 1007 4287 ad
1025 4233 1164 4288 decimum
1180 4233 1304 4288 eiusdem
1321 4252 1386 4288 cum

301 4341 352 4394 pro
369 4323 504 4378 electione
522 4323 629 4378 domini
648 4321 865 4377 vicecancellarii
883 4325 946 4377 tum
968 4340 1019 4393 pro
1037 4322 1171 4376 electione
1191 4323 1339 4378 custodum
1358 4329 1387 4378 et

302 4411 463 4468 auditorum
481 4412 616 4468 cistarum
634 4415 748 4466 tentum

233 4501 403 4556 Conceditur
415 4506 449 4556 25
461 4502 479 4557 J
481 4501 591 4558 aunarii
601 4505 633 4556 vt
645 4498 794 4555 indenture
806 4499 888 4554 modo
900 4500 971 4556 lecte
981 4499 1139 4572 sigillentur
1147 4499 1237 4570 sigillo
1246 4501 1387 4556 communi
