3408 5116
200 384 365 471 1581-82]
638 399 751 450 esron
773 401 866 450 soon
889 403 912 450 Δ
1288 383 1350 450 357

197 555 367 611 Conceditur
387 557 486 611 vltimo
512 557 609 611 Martii
630 560 662 611 vt
681 557 815 627 magister
835 555 934 610 doctor
958 555 1057 626 Hcrry
1077 554 1210 625 magister
1233 552 1354 625 Tyndell

269 645 395 715 magistri
416 644 567 715 Wingieild
589 643 672 699 Rudd
694 649 723 699 et
743 643 851 698 Woodd
871 644 931 698 sint
950 642 1059 713 judices
1079 641 1199 712 delegati
1221 641 1248 694 in
1271 657 1355 694 causa

269 732 468 803 cppellccionis
493 732 620 802 magistri
644 736 674 786 et
695 733 834 786 sociorum
855 732 918 785 aule
943 730 1078 785 Knterine
1098 730 1139 784 sic
1159 733 1192 783 vt
1212 728 1240 783 id
1262 731 1356 782 vestro

268 821 437 875 anctoritate
455 826 549 875 ratum
567 819 706 875 habeatur
722 819 796 890 quod
815 819 904 874 maior
920 837 985 890 pers
1001 835 1098 872 eorum
1114 817 1267 872 decreverit
1282 816 1356 870 infre

269 909 364 964 decem
376 909 436 964 dies
449 909 589 981 proximos
601 915 751 980 sequentes

201 997 372 1062 Conceditur
389 1001 406 1052 3
421 997 528 1069 Aprilis
564 997 635 1052 Cum
654 997 751 1068 gratis
769 1015 825 1051 non
844 997 884 1050 its
902 996 1010 1068 pridem
1026 1014 1044 1051 e
1058 993 1137 1050 vobis
1155 1011 1283 1049 concesse
1300 989 1498 1047 nonf.138s

270 1085 414 1140 sufficiunt
429 1086 583 1157 incepturis
598 1086 626 1140 in
643 1083 752 1139 ortibus
764 1085 799 1139 ed
815 1084 864 1138 ills
875 1084 1007 1139 exercitis
1021 1083 1187 1138 scholastice
1201 1081 1358 1154 peragendo

271 1191 326 1244 que
345 1192 395 1245 per
413 1179 523 1230 statuto
543 1180 636 1229 vestro
656 1175 838 1245 requiruntur
858 1173 950 1244 placet
970 1171 1049 1228 vobis
1068 1177 1100 1227 vt
1119 1175 1212 1242 preter
1231 1182 1357 1241 temporo

271 1281 400 1318 concesse
411 1263 495 1318 liceat
507 1264 542 1319 iis
554 1262 591 1317 cb
604 1263 673 1317 hore
684 1281 759 1317 nono
771 1261 992 1317 antemeridiano
1004 1261 1039 1316 cd
1052 1260 1227 1315 undecimam
1240 1259 1356 1313 alterum

270 1351 494 1424 disputacionem
516 1353 665 1408 instituere
686 1357 715 1407 et
736 1353 866 1424 perficere
885 1357 915 1406 et
936 1351 1054 1405 slterem
1073 1349 1110 1405 cb
1130 1349 1199 1404 hors
1218 1350 1303 1402 tertis
1322 1347 1357 1402 sd

270 1442 399 1512 quintam
428 1443 649 1514 pomeridianam
676 1440 831 1495 secundum
857 1439 976 1494 formam
1001 1439 1103 1493 statuti
1129 1439 1170 1492 ite
1195 1437 1270 1509 quod
1296 1454 1357 1507 pro-

272 1535 433 1586 curatorum
457 1533 530 1586 elter
553 1537 583 1586 et
607 1529 778 1585 bedellorum
800 1546 872 1583 vnus
893 1528 1006 1583 intersit
1026 1532 1056 1582 et
1076 1528 1135 1582 sint
1158 1530 1301 1598 presentes
1322 1523 1358 1578 ed

272 1619 421 1674 minimum
439 1619 535 1674 decem

202 1706 372 1762 Conceditur
393 1712 410 1762 6
430 1708 537 1780 Aprilis
555 1712 588 1762 vt
609 1707 730 1763 Michcel
750 1706 848 1761 Woull
869 1705 972 1760 lrabeat
993 1705 1089 1760 literne
1110 1705 1247 1776 sigillatos
1268 1703 1359 1774 sigillo

273 1801 366 1850 vestro
387 1796 529 1850 communi
553 1812 638 1866 super
658 1795 836 1850 concessione
856 1799 950 1849 vestre
970 1811 1021 1864 pro
1043 1792 1204 1848 venditione
1226 1792 1283 1846 vini
1305 1790 1359 1845 sibi

275 1901 404 1938 concesse
440 1884 545 1938 Eadem
563 1885 653 1954 gratis
671 1884 833 1939 conceditur
853 1887 886 1937 18
904 1883 984 1939 Junii
1002 1881 1045 1937 lo.
1066 1881 1213 1936 Edmunds

204 1970 373 2026 Conceditur
389 1976 422 2026 18
438 1972 505 2026 Maii
519 1978 551 2026 vt
565 1972 699 2043 magister
714 1972 852 2044 Drywood
866 1972 1040 2027 substitutus
1052 1972 1091 2026 sit
1103 1975 1132 2025 et
1144 1970 1274 2041 suppleat
1286 1970 1360 2023 vices

273 2058 400 2128 magistri
415 2058 581 2128 Wingefeild
598 2060 716 2113 oratoris
733 2077 806 2112 nunc
823 2077 873 2130 per
890 2059 1041 2128 Regineom
1058 2057 1234 2112 maiestatem
1252 2056 1360 2111 evocati

274 2143 310 2198 ed
329 2144 560 2215 proficiscendum
578 2147 634 2199 vnt
653 2161 718 2199 cum
737 2145 852 2200 domino
869 2142 1082 2214 Whillowghbie
1101 2143 1137 2198 sd
1156 2160 1248 2214 regem
1270 2143 1361 2198 Dsnie

275 2233 366 2303 legato
383 2232 529 2304 designato

207 2321 376 2378 Conceditur
394 2321 491 2377 eodem
511 2321 625 2377 dominc
644 2322 767 2377 Simeoni
792 2321 904 2377 Hcietic
924 2322 1027 2376 Boemo
1046 2339 1136 2392 nuper
1155 2321 1200 2376 hic
1219 2319 1294 2392 opud
1312 2337 1362 2374 vos

275 2415 406 2482 cooptato
426 2411 456 2464 in
478 2410 605 2466 ordinem
627 2410 889 2472 bucchelsureorum
910 2412 939 2465 in
961 2410 1070 2466 artibus
1091 2417 1123 2465 rt
1144 2408 1247 2464 hebeat
1267 2410 1363 2464 literne

275 2500 378 2571 grsdus
395 2500 439 2554 sui
458 2499 620 2570 obsignatas
637 2500 728 2570 sigillo
746 2506 839 2555 restro
856 2501 999 2555 communi
1016 2499 1180 2555 deferendae
1196 2499 1225 2553 in
1242 2498 1364 2570 petriam

276 2607 358 2644 suom

206 2677 377 2732 Conceditur
389 2683 421 2732 vt
436 2677 517 2732 litere
533 2677 616 2732 modo
632 2678 704 2733 lecte
719 2677 878 2748 sigillentur
893 2677 983 2748 sigillo
995 2681 1089 2731 vestro
1101 2676 1243 2730 communi
1258 2675 1365 2730 scilicet

276 2784 294 2821 a
307 2766 370 2836 (sic)
383 2765 560 2821 Theodorum
573 2766 674 2821 Bemm

208 2854 377 2909 Conceditur
395 2859 428 2909 14
440 2854 458 2909 J
460 2855 520 2910 unii
533 2860 565 2909 vt
581 2855 715 2926 magister
731 2855 887 2910 Cwalterus
902 2854 989 2909 Joncs
1004 2854 1135 2925 suppleat
1148 2853 1222 2907 vices
1239 2851 1365 2923 magistri

281 2941 409 2997 Edwardi
424 2942 535 2998 Holden
547 2944 577 2998 in
589 2943 757 3015 prelectione
769 2943 961 3015 philosophice
973 2960 1022 3014 pro
1034 2959 1108 2997 enno
1119 2945 1248 3013 sequenti

209 3029 379 3085 Conceditur
402 3033 435 3084 18
454 3030 535 3085 Junii
556 3034 587 3086 vt
606 3030 805 3086 determinccio
825 3031 862 3086 ed
881 3049 967 3102 quem
986 3035 1100 3086 tenetur
1118 3032 1252 3102 magister
1270 3031 1367 3086 doctor

280 3118 388 3189 Norget
405 3119 514 3174 rationo
532 3120 634 3191 gradus
652 3121 695 3176 sui
714 3121 837 3193 suscepti
856 3122 947 3192 possit
964 3119 1068 3175 differre¹
1087 3121 1116 3174 in
1135 3120 1292 3192 proximum
1312 3127 1365 3176 ter-

280 3207 389 3260 minum
411 3208 479 3277 quic
503 3208 631 3264 iamdiu
655 3209 752 3265 morbo
776 3210 853 3280 grcvi
878 3209 1031 3280 impeditus
1055 3209 1133 3263 illem
1157 3210 1287 3281 perficere
1311 3228 1366 3266 non

280 3301 375 3366 potest
392 3301 458 3351 ente
476 3297 591 3352 comitis
608 3299 736 3369 proxime
753 3300 794 3354 sic
811 3303 844 3354 vt
863 3299 941 3353 illem
960 3298 1086 3370 proximo
1103 3298 1224 3353 termino
1242 3301 1368 3370 perficiet

281 3383 334 3439 sub
352 3402 425 3456 pena
443 3385 492 3442 xls
510 3387 571 3442 sine
589 3388 713 3443 ulteriori
731 3388 868 3444 dilacione

211 3474 382 3529 Conceditur
397 3479 432 3529 22
444 3475 463 3528 J
465 3475 525 3529 unii
541 3479 574 3529 rt
589 3477 718 3546 magistri
734 3477 862 3532 doctores
878 3475 952 3548 Styll
968 3475 1048 3530 (loud
1065 3475 1147 3530 Some
1163 3481 1192 3531 et
1209 3476 1323 3548 Hcrvye
1339 3483 1368 3531 et

281 3563 414 3632 magister
436 3562 495 3617 Hill
517 3563 576 3617 sint
593 3563 702 3634 judices
723 3563 843 3634 delegati
865 3565 894 3619 in
916 3581 1001 3618 cause
1021 3563 1220 3635 cppellucionis
1242 3565 1367 3635 magistri

283 3650 405 3706 Hounde
1030 3665 1033 3671 '
