3344 5110
344 333 386 402 26
778 347 893 400 omos
915 347 1008 398 soon
1030 350 1053 396 n
1331 327 1498 418 [loll-45

343 505 419 562 Item
431 505 594 562 eonoeditur
608 506 716 561 'I'bome
731 505 907 577 Segisvryoke
920 509 951 560 vt
967 503 1095 559 studium
1109 507 1217 575 septem
1230 518 1367 558 sunonem
1379 500 1410 556 ln
1422 499 1500 554 theo-

414 595 487 666 logis
506 599 657 666 postquam
679 594 834 649 neeessario
853 594 957 649 rexerit
975 610 1040 648 oum
1057 591 1169 647 duobus
1189 590 1365 646 sermonibus
1386 607 1442 644 vno
1462 588 1499 644 ed

401 679 518 736 elerum
529 680 619 736 altere
629 679 666 736 sd
678 696 789 735 orueem
803 679 882 735 Pauli
895 685 925 734 et
937 679 1020 734 vnioe
1035 678 1214 750 responsione
1230 676 1277 733 die
1292 676 1499 732 eommitiorum

395 768 539 838 ,habenda
550 767 595 826 vel
603 765 739 839 pluribus
755 767 779 822 si
796 768 945 838 exigantur
962 767 1084 823 sufficiet
1100 765 1155 821 sibi
1172 772 1233 822 tam
1248 763 1285 821 ad
1301 761 1499 836 opponendum

410 873 496 925 quarn
522 854 687 910 intrandum
711 855 741 909 in
763 854 904 925 theologie
927 855 969 909 sio
992 861 1025 908 vt
1048 852 1219 908 edmittetur
1242 851 1278 906 ed
1301 848 1499 922 opponendum

411 943 494 998 hodie
506 947 535 998 et
550 941 587 999 ed
603 941 768 998 intrandum
786 943 823 998 ed
839 943 943 998 festum
961 943 1052 998 sensti
1070 940 1197 998 Bernsbe
1208 958 1273 995 cum
1286 939 1401 1010 reliquis
1415 938 1499 994 huius

411 1033 479 1096 anni
494 1031 702 1090 beeoheleureis

341 1121 416 1177 Item
434 1119 597 1176 oonoeditur
614 1120 749 1191 magistro
769 1119 908 1175 Glsbroke
925 1123 958 1174 vt
975 1117 1102 1174 studium
1121 1120 1137 1175 'l
1156 1134 1293 1174 annorum
1313 1117 1342 1172 in
1361 1115 1500 1186 theologia

410 1215 562 1282 postquem
574 1209 677 1263 rexerit
692 1225 758 1263 eum
769 1208 852 1263 vnioa
863 1208 1044 1280 responsione
1055 1211 1123 1263 ente
1134 1208 1239 1262 festum
1253 1206 1358 1261 Pesehe
1373 1205 1499 1284 proxime

410 1300 539 1354 futurum
557 1295 687 1353 habenda
705 1295 760 1352 sub
776 1313 850 1368 pena
865 1297 912 1351 xls
930 1297 960 1351 in
981 1295 1114 1351 menibus
1135 1297 1349 1367 prooemiorum
1369 1293 1498 1366 ponende

411 1406 477 1444 oum
504 1386 615 1452 duobus
643 1386 819 1442 sermonibus
844 1405 899 1442 vno
923 1387 959 1442 ad
983 1387 1089 1442 elerum
1112 1386 1201 1441 eltero
1224 1384 1261 1441 ed
1285 1401 1395 1440 omoem
1421 1383 1499 1439 Pauli

411 1479 533 1536 sufficiet
556 1479 582 1534 ei
606 1478 642 1533 sd
666 1476 864 1550 opponendum
891 1482 921 1532 et
948 1476 1113 1533 intrandum
1138 1477 1168 1531 in
1193 1475 1333 1547 theologia
1355 1476 1396 1530 sio
1422 1475 1498 1546 quod

411 1566 583 1623 admittetur
598 1571 659 1622 tam
674 1564 926 1638 rid-opponendum
942 1583 1028 1638 quem
1044 1564 1208 1622 intrandum
1224 1566 1261 1620 ed
1277 1565 1413 1638 placitum
1429 1566 1500 1620 citra

412 1654 558 1710 commitis
575 1654 703 1725 proxima

342 1742 417 1798 Item
433 1741 596 1797 eoneeditur
611 1742 747 1812 megistro
760 1741 943 1798 Sewnderson
956 1747 988 1798 vt
1000 1742 1127 1798 studium
1140 1746 1156 1800 'i
1168 1759 1307 1798 annornm
1319 1743 1349 1798 in
1361 1741 1499 1811 theologie

411 1835 562 1903 postquem
586 1831 689 1885 rexerit
707 1830 736 1886 in
755 1830 865 1886 artibus
887 1849 952 1888 eum
969 1833 1053 1888 rnioe
1069 1832 1248 1903 responsione
1265 1830 1310 1886 vel
1329 1829 1457 1902 pluribus
1474 1829 1499 1884 si

411 1920 559 1990 exigentur
579 1923 609 1973 et
630 1917 739 1974 duobus
759 1917 935 1974 sermonibus
956 1937 1012 1974 vno
1035 1918 1071 1974 sd
1092 1919 1198 1973 elerum
1218 1918 1309 1972 eltero
1331 1917 1368 1972 nd
1389 1933 1499 1972 erucem

413 2007 494 2063 Pauli
518 2007 640 2063 sufficiet
664 2008 690 2062 ei
714 2007 750 2062 ed
774 2006 973 2079 opponendum
1001 2017 1031 2063 et
1055 2007 1218 2063 intrandum
1243 2007 1273 2061 in
1296 2005 1436 2076 theologia
1459 2006 1500 2060 sio

412 2095 487 2166 quod
503 2095 673 2152 admittatur
688 2101 718 2151 et
734 2095 822 2151 intret
837 2096 909 2152 eitra
925 2097 1053 2168 proxima
1070 2097 1217 2151 eommiois
1233 2101 1319 2167 eique
1334 2096 1370 2151 sd
1386 2113 1499 2167 respon·

412 2185 520 2239 sionem
541 2201 622 2238 suern
642 2200 718 2238 enno
738 2184 864 2255 proximo
888 2182 1047 2238 habendam
1068 2182 1191 2254 deponet
1215 2184 1372 2238 cautionem
1397 2183 1499 2238 realem

412 2272 459 2326 uls
476 2271 507 2324 iu
525 2267 656 2325 menibus
674 2276 888 2341 procuratorum
905 2275 973 2326 ante
989 2270 1051 2325 eius
1067 2269 1265 2325 admissionem

343 2360 418 2415 Item
435 2357 597 2414 eonoedItur
613 2359 751 2430 magistro
768 2358 932 2431 Perkynson
944 2363 977 2413 vt
992 2359 1119 2414 studium
1133 2362 1298 2417 vannorum
1314 2358 1345 2413 in
1361 2358 1500 2430 theologia

414 2451 563 2520 postquem
581 2447 684 2502 rexerit
699 2447 729 2501 in
746 2446 856 2502 artibus
873 2464 938 2502 eum
954 2446 1065 2503 duobus
1079 2446 1256 2503 sermonibus
1271 2465 1327 2503 vno
1342 2448 1377 2503 sd
1394 2448 1499 2502 olerum

414 2536 503 2592 altero
520 2534 555 2590 ad
575 2552 686 2591 erucem
704 2535 785 2591 Pauli
804 2541 834 2590 et
850 2553 915 2591 oum
933 2553 989 2591 rna
1003 2537 1183 2608 responsione
1199 2535 1243 2590 vel
1259 2535 1387 2607 pluribus
1406 2536 1502 2591 sieri·

414 2627 518 2694 gantur
528 2625 596 2677 ente
605 2622 732 2693 proxime
743 2623 890 2678 sommioia
902 2623 1022 2678 sufficiat
1032 2623 1058 2678 ei
1067 2622 1103 2677 ad
1114 2623 1309 2694 opponendum
1324 2623 1352 2677 in
1363 2622 1501 2694 theologis

413 2715 444 2765 et
460 2708 623 2764 intrandum
639 2709 669 2764 In
688 2708 774 2765 libros
794 2711 1001 2766 sententIsrum
1019 2711 1060 2765 sie
1077 2709 1154 2781 quod
1172 2708 1343 2765 admittetur
1359 2711 1396 2766 ed
1415 2711 1500 2784 pleri-

415 2803 476 2852 tum
497 2803 528 2852 et
545 2796 713 2868 respondeat
731 2799 803 2852 eitra
821 2798 945 2853 natalem
961 2798 1080 2853 Joennis
1099 2797 1228 2869 Bsptiste
1249 2797 1273 2852 si
1291 2797 1434 2854 doctorem
1455 2801 1500 2855 oui

415 2884 581 2958 respondent
599 2886 743 2942 commode
760 2903 922 2960 oemperane
940 2887 1030 2958 pessit
1048 2891 1077 2942 et
1095 2890 1153 2942 stet
1168 2903 1312 2958 opponens
1329 2903 1417 2958 vsque
1432 2885 1501 2943 dum

414 2974 581 3047 respondeat

346 3064 420 3119 Item
438 3062 601 3118 oonoeditur
616 3063 751 3134 magistro
766 3061 884 3119 Welhed
901 3067 933 3118 vt
948 3062 1077 3118 studium
1094 3068 1202 3134 septem
1220 3080 1358 3119 annorum
1376 3064 1406 3118 in
1423 3063 1500 3119 theo·

414 3149 488 3221 legio
509 3156 660 3222 postquem
683 3152 785 3207 rexerit
804 3151 834 3206 in
854 3150 963 3206 artibus
981 3169 1046 3206 cum
1064 3149 1174 3206 duobus
1195 3151 1370 3207 sermonibus
1388 3170 1443 3207 vno
1465 3152 1501 3209 ad

415 3237 520 3293 olerum
537 3239 625 3294 altero
641 3237 676 3293 nd
693 3257 803 3295 ornnem
821 3239 901 3295 Peuli
919 3243 949 3294 et
965 3256 1029 3294 eum
1047 3256 1101 3293 sne
1117 3240 1295 3312 responsione
1313 3241 1357 3296 vel
1373 3240 1502 3312 pluribus

369 3393 371 3398 Ι
415 3326 440 3381 si
455 3326 602 3398 exigentur
618 3327 740 3383 sufficiet
755 3328 781 3383 ei
798 3327 834 3382 sd
851 3327 1047 3399 opponendum
1063 3333 1093 3382 et
1108 3326 1272 3382 intrandum
1288 3327 1319 3382 in
1334 3345 1413 3384 saera
1424 3328 1502 3384 theo·

415 3413 489 3486 logia
518 3415 560 3471 ito
582 3415 658 3488 quod
676 3415 847 3472 admittetur
866 3423 896 3470 et
914 3413 1002 3470 intret
1024 3414 1061 3469 nd
1083 3413 1220 3486 plebitum
1237 3421 1267 3470 et
1284 3420 1343 3471 stet
1359 3433 1502 3487 opponens

416 3519 505 3573 vsque
522 3502 558 3558 ed
577 3503 680 3558 festum
699 3503 790 3558 saneti
809 3501 936 3558 Barnabe

229 3685 248 3741 l.
268 3683 303 3741 12
315 3701 334 3740 a
348 3691 421 3746 ltem
442 3690 605 3746 oenoeditur
624 3690 714 3746 eidem
735 3695 767 3745 rt
786 3690 930 3762 responsio
947 3690 983 3744 sd
1002 3708 1089 3762 quem
1107 3695 1221 3748 tenetur
1237 3691 1342 3748 differri
1362 3693 1453 3766 possit
1471 3695 1501 3749 in

416 3778 574 3848 proxImum
590 3794 697 3832 annum
713 3777 848 3849 quonium
864 3775 962 3831 doctor
973 3793 1058 3847 quem
1074 3779 1186 3848 pererit
1201 3778 1346 3834 eommode
1357 3779 1502 3851 disputare

417 3881 473 3919 non
491 3869 585 3936 potest
603 3865 674 3919 citra
692 3865 820 3936 proxime
837 3863 982 3919 eommitio
999 3861 1053 3918 sub
1070 3881 1143 3936 pene
1159 3865 1261 3936 prioris
1278 3867 1417 3921 oeutienia

347 3951 421 4008 ltem
445 3951 625 4023 dispensatur
645 3969 710 4008 oum
731 3954 911 4024 responsione
931 3952 967 4008 ed
988 3969 1074 4024 quem
1098 3959 1212 4009 tenetur
1233 3955 1367 4026 megister
1390 3956 1502 4010 Mar-ten

417 4041 554 4111 theologie
572 4039 789 4098 beoohelnureus
811 4042 946 4113 superiori
970 4058 1045 4097 anno
1061 4040 1102 4096 sio
1119 4042 1194 4113 quod
1215 4042 1308 4098 solvet
1325 4044 1503 4100 uniuersitati

418 4127 504 4199 xxvjs
521 4127 599 4201 viijd

348 4215 421 4270 Item
443 4215 623 4286 dispensatur
643 4234 708 4272 enm
730 4217 865 4288 magistro
886 4215 994 4271 Blanke
1014 4234 1064 4288 pro
1085 4218 1263 4289 responsione
1286 4236 1339 4274 sue
1358 4218 1501 4290 adquam

419 4308 532 4360 tenetur
547 4305 657 4360 ratione
673 4303 776 4376 gredus
798 4303 1046 4361 beeohdsureetus
1066 4307 1095 4361 in
1116 4306 1255 4378 theologis
1273 4308 1408 4382 superiori
1427 4326 1502 4365 enno
