3398 5122
794 370 907 422 cason
929 372 1022 422 soon
1045 372 1068 422 Δ
1339 357 1513 444 [1587-88

806 1183 1053 1271 [mer-ress]

350 1411 473 1478 Cratiae
506 1413 575 1478 sive
609 1411 789 1500 peticiones
823 1413 857 1478 in
890 1413 990 1501 plena
1023 1415 1274 1504 congregatione
1308 1417 1509 1504 Regentium

437 1525 471 1581 et
508 1539 573 1581 non
608 1516 806 1604 Regentiuru
842 1541 862 1583 a
895 1517 978 1583 festo
1013 1517 1127 1585 Sancti
1161 1517 1329 1586 Michaelis
1362 1520 1510 1585 Archan-

436 1621 503 1707 geli
536 1643 621 1686 anno
655 1622 779 1687 domini
816 1621 914 1689 15870
945 1645 1045 1709 vsque
1079 1623 1121 1688 ed
1156 1623 1242 1690 idem
1276 1625 1394 1690 festum
1428 1634 1511 1690 tunc

436 1725 583 1810 proxime
613 1747 755 1812 sequens
788 1726 920 1792 domino
953 1726 1080 1791 Thoma
1113 1727 1205 1815 Legg
1235 1728 1342 1817 legum
1377 1728 1511 1794 doctore

439 1828 698 1895 vicecancellario
721 1839 756 1895 et
779 1829 943 1915 magistris
967 1829 1119 1896 Johanne
1147 1831 1275 1897 Palmer
1298 1842 1332 1898 et
1355 1833 1509 1898 Johanne

438 1933 554 2019 Smyth
596 1935 860 2020 procuratoribus
901 1935 1066 2022 magistris
1108 1935 1230 2020 [blunt]
1275 1937 1430 2022 Mounsey
1473 1947 1509 2002 et

437 2038 552 2105 Corolo
580 2039 692 2105 Horne
719 2041 957 2106 scrutatoribus
983 2039 1147 2127 magistris
1174 2041 1299 2127 [biauk]
1329 2042 1448 2108 Siedde
1475 2054 1510 2106 et

439 2143 602 2208 Willelmo
623 2143 738 2208 Foster
758 2145 961 2210 taxatoribus
982 2153 1016 2209 et
1037 2145 1192 2232 magistro
1215 2147 1365 2212 Mattheo
1387 2146 1508 2232 Stokys

437 2247 621 2332 registrario

350 2459 520 2514 Conceditur
537 2463 570 2513 12
583 2457 713 2514 Octobris
725 2463 757 2514 vt
768 2457 900 2514 dominus
915 2459 1148 2530 proeencellarius
1159 2459 1287 2516 doctores
1305 2461 1393 2516 Perna
1410 2461 1509 2516 Bettas

420 2547 517 2602 Berow
529 2547 656 2617 magistri
670 2545 830 2600 Chaderton
842 2550 872 2600 et
885 2545 987 2600 Stailer
998 2547 1058 2600 sint
1069 2557 1156 2618 ceput
1167 2553 1284 2603 senatus
1295 2549 1384 2603 futuri
1397 2548 1464 2603 anni

349 2635 518 2690 Conceditur
536 2637 565 2691 7ο
581 2634 688 2706 Aprilis
707 2637 775 2690 1587
795 2634 838 2688 Jo.
858 2633 947 2688 Wede
965 2639 997 2688 rt
1017 2638 1050 2688 12
1068 2635 1182 2689 termini
1201 2636 1333 2707 completi
1355 2637 1383 2691 in
1403 2635 1509 2707 quibus

419 2723 552 2779 lectiones
579 2723 735 2778 ordinarias
761 2721 871 2777 audivit
897 2722 964 2777 licet
988 2739 1045 2777 non
1070 2723 1184 2778 omnino
1208 2723 1361 2778 secundum
1386 2725 1508 2780 sormam

419 2812 521 2868 statuti
543 2831 607 2868 cnm
626 2810 851 2884 oppositionibus
872 2809 1100 2882 responsionibus
1121 2811 1277 2882 ceterisque
1297 2812 1436 2868 exercitiis
1458 2831 1511 2884 per

418 2905 528 2956 statuta
554 2901 630 2972 regia
656 2901 800 2972 requisitis
830 2899 972 2955 sufficiant
997 2899 1024 2954 ei
1051 2899 1086 2954 ad
1114 2900 1339 2971 respondendum
1363 2903 1508 2972 questioni

419 2989 525 3045 Eodem
554 2990 645 3061 gratia
668 2987 830 3044 conceditur
853 2987 886 3060 ij⁰
909 2988 989 3043 Junii
1013 2987 1062 3041 W⁰
1083 2987 1189 3060 Bishop
1212 2993 1242 3043 et
1266 2993 1300 3043 24
1324 2988 1402 3043 Junii
1428 2989 1509 3061 Step.

420 3077 476 3132 Coe

349 3165 453 3222 Eadem
466 3167 557 3238 gratia
569 3165 733 3220 conceditur
745 3165 775 3220 in
787 3181 883 3220 mense
894 3165 913 3219 J
914 3165 1022 3220 enusrii
1035 3172 1066 3221 et
1078 3164 1223 3220 Februarii
1236 3183 1269 3220 ex
1282 3166 1396 3237 collegio
1409 3175 1509 3223 sancte

418 3255 568 3310 Trinitatis
584 3254 708 3326 Josepho
726 3253 811 3308 Birda
828 3253 872 3310 J0.
893 3253 1019 3308 Sbaxton
1037 3254 1079 3309 Jo.
1099 3254 1219 3326 Symeon
1236 3254 1386 3310 Lancoloto
1403 3257 1509 3311 Custos

418 3344 460 3398 Jo.
483 3343 608 3414 Aungiar
626 3342 674 3396 W⁰
689 3341 838 3397 Alabsster
857 3341 926 3396 Tho.
944 3340 1044 3397 Meads
1061 3341 1130 3398 Tho.
1149 3342 1243 3397 Fuller
1262 3342 1398 3397 Nicholao
1416 3343 1509 3414 Sugsr

418 3431 499 3488 Geor.
516 3430 644 3485 Fairefax
662 3427 774 3484 Eubulo
794 3428 920 3483 Theloall
936 3425 984 3484 W⁰
996 3428 1137 3483 Brslsicrd
1159 3429 1267 3484 Arturo
1287 3429 1408 3485 Odames
1427 3431 1507 3487 Edu.

418 3519 552 3574 Townroe
571 3518 690 3573 Ricardo
707 3517 830 3572 Tomson
849 3517 892 3573 Jo.
912 3517 1076 3588 Partington
1093 3516 1234 3572 Willelmo
1253 3517 1364 3573 Morten

349 3609 391 3662 Ex
421 3607 535 3678 collegio
564 3606 591 3660 d.
617 3605 756 3661 Johannis
803 3604 928 3660 iohanni
959 3605 1060 3660 Orwell
1091 3605 1231 3676 Hastingo
1258 3605 1433 3661 Wolverston
1461 3607 1511 3660 W⁰

420 3695 558 3749 Rostorne
574 3694 592 3748 J
594 3712 618 3750 o.
633 3694 732 3748 Hooke
750 3693 864 3764 Hugoui
881 3692 984 3748 Geidsr
1001 3693 1096 3764 Drugo
1111 3693 1258 3764 Chapman
1276 3693 1395 3749 Ricarrio
1413 3695 1512 3765 Pigott

419 3785 495 3855 Step.
508 3783 651 3839 Thomson
670 3783 810 3837 Ludovico
823 3783 929 3837 Alcoire
946 3781 1074 3837 Gilberto
1092 3782 1218 3854 Lynacer
1231 3781 1337 3836 Jacobo
1354 3781 1511 3854 Scharplus

418 3873 498 3928 Geor.
515 3869 605 3925 Budle
620 3869 664 3924 Jo.
683 3868 785 3941 Smyth
803 3868 845 3923 Jo.
864 3868 978 3940 Cupper
996 3868 1072 3924 Edw.
1091 3867 1199 3939 Sparlre
1219 3868 1316 3923 Isaaco
1333 3869 1429 3924 Horns
1445 3871 1509 3926 Jac.

419 3959 550 4016 Saursbis
573 3958 692 4013 Ricardo
711 3958 821 4012 Messes
839 3957 919 4012 Geor.
940 3957 1052 4012 Faucet
1069 3954 1118 4010 W⁰
1137 3957 1231 4010 Lewss
1249 3955 1334 4012 Oeno.
1354 3957 1444 4028 Gwyn
1462 3959 1510 4016 Jo.

420 4048 535 4105 Duntch

349 4137 391 4194 Ex
408 4137 522 4209 collegio
539 4135 646 4190 Christi
690 4135 756 4205 Rog.
773 4133 876 4190 Jacson
893 4132 1026 4189 Christos.
1046 4131 1152 4187 Nslson
1170 4132 1238 4188 Tho.
1252 4133 1325 4187 Joiie
1341 4133 1384 4188 Jc.
1404 4134 1511 4191 Holms

417 4228 461 4283 do.
481 4223 563 4280 Rudd
581 4224 693 4279 Olivero
712 4223 838 4294 Periryns
854 4221 898 4277 Jc.
917 4221 997 4292 Kaye
1010 4219 1058 4273 W⁰
1071 4219 1230 4275 Dimbiebic
1247 4220 1512 4295 Humfr.'1'empler

418 4315 486 4370 Tho.
500 4313 632 4368 Newcom
644 4311 662 4366 J
664 4330 687 4368 0.
702 4311 805 4366 Jacson

347 4407 390 4462 Ex
401 4404 515 4476 collegio
528 4401 693 4474 Magdalene
735 4400 783 4456 W⁰
795 4399 874 4472 Ellys
886 4399 904 4454 J
905 4397 991 4456 acobo
1003 4397 1114 4454 Wattes
1127 4397 1195 4453 Tho.
1210 4397 1316 4453 Whitle
