3376 5108
183 329 346 413 1551-52]
623 346 736 395 unica
759 346 852 395 Boou
874 346 896 394 s

636 753 675 817 In
699 753 768 818 iure
792 752 884 818 ciuili

181 924 254 980 Item
277 926 441 982 conceditur
462 928 598 998 magistro
622 929 725 983 Mowse
750 933 782 982 rt
805 944 905 983 novem
929 929 997 984 anni
1022 928 1051 983 in
1076 928 1180 998 quibus
1206 928 1338 983 lectiones

250 1013 406 1070 ordinarius
427 1015 539 1071 audiuit
563 1033 628 1071 cum
652 1016 877 1088 oppositionibus
901 1021 930 1071 et
949 1015 1177 1088 responsionibus
1196 1035 1246 1087 per
1263 1015 1338 1086 regio

249 1107 359 1159 statuta
376 1105 520 1175 requisitis
538 1103 679 1160 sufficient
697 1105 721 1159 ei
741 1105 777 1160 ad
795 1103 986 1176 incipiendum
1004 1106 1033 1159 In
1052 1106 1112 1160 iure
1130 1105 1207 1165 ciuili

179 1189 252 1245 Item
272 1191 434 1246 conceditur
452 1193 569 1248 Griffino
586 1193 694 1263 Tregen
713 1197 746 1247 vt
763 1192 890 1248 studium
910 1193 1005 1248 decem
1025 1209 1163 1247 annorum
1182 1193 1211 1246 in
1230 1191 1337 1262 legibus

251 1283 316 1349 post
342 1278 459 1349 gradum
484 1279 732 1336 becchalaureatus
757 1281 786 1335 in
810 1281 907 1336 eadem
931 1285 1094 1352 susceptum
1117 1297 1182 1336 curn
1206 1277 1338 1335 omnibus

251 1367 391 1421 exercitiis
404 1367 483 1422 iuxta
495 1371 605 1423 statute
617 1368 693 1438 regia
708 1369 852 1438 requisitis
868 1357 989 1423 'sufficiat
1005 1369 1030 1423 ei
1046 1367 1083 1422 ad
1100 1367 1290 1439 incipiendum
1307 1367 1335 1422 in

251 1454 348 1508 eodem
361 1455 421 1510 iure

181 1540 256 1595 Item
267 1541 430 1596 conceditur
440 1542 531 1597 eidem
545 1543 680 1614 postridie
693 1545 900 1598 commitiorum
917 1543 1040 1598 admisso
1052 1543 1087 1598 sd
1103 1541 1292 1613 iucipIendum
1306 1543 1336 1597 in

252 1628 312 1683 iure
335 1628 411 1683 ciuili
433 1635 465 1684 vt
485 1630 575 1700 possit
594 1631 650 1686 iam
675 1631 749 1700 leges
772 1630 882 1702 publice
901 1630 1024 1701 profiteri
1044 1634 1074 1684 et
1093 1629 1131 1683 sit
1155 1634 1221 1683 actu
1239 1628 1338 1683 doctor

252 1715 290 1770 Et
302 1715 390 1770 nihilo
402 1716 497 1772 minus
509 1717 643 1789 proximis
655 1717 807 1772 commitiis
819 1716 963 1772 solleniter
977 1717 1160 1788 inauguratur
1176 1716 1336 1770 convIviurn

251 1802 378 1858 fecittot
390 1807 482 1858 cetera
493 1805 588 1860 omnic
600 1823 650 1878 per
661 1823 691 1860 se
705 1809 860 1876 exequetur
875 1821 930 1876 que
948 1804 1041 1874 Regiis
1058 1804 1176 1858 statutis
1187 1801 1224 1858 ub
1240 1803 1338 1860 eodem

251 1896 319 1946 sunt
331 1890 465 1962 exigenda

646 2201 685 2264 In
709 2200 874 2288 theologia

181 2371 256 2425 Item
269 2369 430 2425 conceditur
442 2369 593 2425 venerabIIi
606 2371 666 2424 viro
683 2369 817 2440 magistro
831 2371 919 2424 Perne
934 2371 1149 2442 procanccllario
1166 2377 1197 2426 vt
1209 2372 1335 2428 studium

252 2464 374 2528 quatuor
385 2475 523 2514 annorum
535 2459 565 2513 iu
578 2458 717 2528 theologia
729 2463 793 2529 post
805 2458 922 2529 gradum
935 2459 1183 2516 becchalaureatus
1197 2460 1227 2515 in
1239 2459 1336 2514 eadem

252 2552 414 2618 susoeptum
427 2564 491 2601 cum
504 2545 614 2601 duabus
626 2545 857 2617 replicacionibus
867 2547 946 2601 iuxta
958 2548 1033 2617 regio
1044 2551 1154 2602 statute
1165 2547 1222 2601 iam
1232 2546 1337 2603 habitis

252 2652 308 2689 vna
325 2652 389 2689 cum
406 2634 498 2689 tribus
515 2634 690 2690 sermonibus
706 2637 736 2690 in
755 2634 916 2690 achademie
934 2636 1040 2706 templo
1058 2653 1114 2690 vno
1130 2635 1165 2690 ad
1184 2637 1288 2691 clerum
1308 2641 1338 2690 et

149 2761 152 2768 .
251 2720 361 2776 duobus
372 2721 408 2777 ad
420 2721 556 2794 populum
568 2721 621 2776 hoc
632 2739 707 2777 anno
723 2723 795 2776 citra
811 2723 956 2777 commitis
973 2722 1099 2794 proxima
1111 2723 1232 2778 sufficiat
1244 2724 1269 2778 si
1286 2741 1337 2796 pro

251 2809 398 2880 completis
419 2809 507 2880 grudu
528 2815 558 2865 st
575 2809 665 2864 forma
682 2810 845 2866 doctoratus
869 2810 897 2864 in
918 2828 997 2866 sacra
1018 2812 1157 2883 theologia
1193 2811 1240 2867 lte
1260 2810 1336 2884 quod

252 2896 335 2951 bodie
354 2897 525 2952 edmIttetur
542 2898 565 2952 si
585 2897 705 2952 voluerit

649 3204 761 3270 Gratis
784 3205 872 3270 varie
1350 3227 1370 3286 f,
1389 3229 1427 3287 33
1442 3248 1460 3285 a

182 3380 217 3434 In
235 3377 332 3448 primis
349 3373 511 3430 conceditur
529 3379 561 3429 vt
577 3391 696 3446 expense
712 3374 786 3430 forte
802 3393 852 3446 per
867 3375 1009 3430 doctorem
1028 3375 1150 3431 Haddon
1169 3377 1198 3432 in
1216 3377 1337 3448 negociis

252 3463 413 3520 achademIe
434 3462 554 3518 Londini
578 3462 690 3517 allocari
714 3463 824 3534 possint
848 3481 898 3534 per
920 3463 1066 3519 dominum
1090 3466 1337 3536 procancsllarium

252 3559 281 3610 ct
299 3555 441 3610 doctorem
460 3551 562 3624 Blythe

182 3646 255 3700 Item
269 3642 432 3698 conceditur
444 3645 476 3696 rt
487 3640 619 3696 dominus
632 3640 734 3695 Lomas
746 3658 836 3712 nuper
847 3641 952 3695 electus
966 3643 995 3695 in
1005 3642 1136 3698 vicariam
1148 3643 1184 3698 de
1196 3643 1337 3715 Oampsnll

253 3732 406 3804 presentari
425 3731 515 3802 possit
531 3747 581 3802 per
599 3747 648 3784 vos
665 3737 695 3784 et
713 3731 774 3785 eius
790 3732 962 3801 presentatio
980 3731 1118 3802 sigilletur
1135 3733 1225 3803 sigillo
1244 3738 1336 3788 vestro

252 3837 394 3876 communi

180 3913 256 3967 ltem
274 3907 436 3965 concedItur
453 3912 485 3960 vt
502 3905 618 3977 ZIgarus
635 3905 788 3960 Nioholson
824 3907 891 3961 olim
910 3907 1058 3980 bibliopola
1076 3909 1159 3964 huius
1176 3910 1337 3967 achademie

252 4017 326 4056 nunc
343 4015 408 4052 vero
425 3995 555 4068 publicus
571 3995 639 4050 zitlri
656 3994 797 4050 conlector
831 3997 920 4067 possit
937 4003 1037 4053 mutuo
1052 3999 1088 4053 ab
1107 3999 1270 4055 achademia
1288 4019 1338 4074 per

251 4088 376 4160 spacium
392 4085 476 4140 unius
493 4084 561 4138 unni
574 4083 698 4154 accipere
715 4084 921 4155 quiuquagints
937 4086 999 4141 illas
1015 4087 1101 4142 libras
1117 4106 1188 4159 quas
1205 4091 1338 4162 magister

252 4177 328 4232 Mers
341 4173 474 4244 magister
486 4170 578 4243 Fluyd
591 4175 621 4225 et
638 4170 795 4227 Richardus
812 4171 892 4228 Noks
904 4173 940 4228 ad
957 4173 1060 4230 festum
1077 4176 1196 4232 loannis
1209 4177 1337 4250 Baptiste

251 4263 354 4320 debent
372 4258 530 4334 persoluere
567 4258 613 4313 Its
629 4258 704 4329 quod
721 4260 782 4331 ipse
800 4277 865 4315 cum
881 4259 992 4316 duobus
1010 4262 1219 4319 fideiussoribus
1237 4265 1273 4320 ed
1290 4283 1338 4322 eas

249 4350 410 4408 achademie
423 4346 612 4405 restituendus
625 4347 743 4403 firmiter
753 4347 892 4420 obligetur
996 4353 1001 4364 '

262 4479 286 4522 n.
304 4478 343 4521 iv.
1240 4461 1257 4519 6
