3408 5116
122 387 125 392 ·
199 367 364 456 1580-81]
635 382 749 436 aaron
771 384 864 436 soor
887 387 909 434 Δ
1290 373 1353 438 345

268 561 364 599 eorum
381 543 472 598 indies
486 543 576 598 valvis
592 542 751 598 scholarum
768 543 919 614 affigantur
934 544 1004 599 hora
1020 550 1119 600 octava
1135 547 1357 603 antemeridiana

269 632 393 687 eiusdem
409 631 465 687 diei

198 718 368 774 Conceditur
390 723 423 773 10
441 718 521 774 Junii
540 723 571 772 vt
589 719 670 774 litere
691 717 774 773 modo
792 717 864 774 lecte
883 719 1042 790 sigillentur
1060 721 1152 791 sigillo
1171 725 1264 776 vestro
1282 739 1355 776 com-

268 806 348 860 muni
393 805 465 860 Item
485 806 627 860 decretum
647 810 679 859 rt
695 804 813 876 posthac
831 811 967 877 perpetuo
985 806 1057 862 nihil
1074 812 1189 879 petatur
1206 808 1236 862 in
1254 813 1356 863 senatu

268 893 329 948 sine
347 911 485 949 consensu
502 894 603 965 capitis

199 981 368 1038 Conceditur
392 983 492 1038 vltimo
515 982 595 1038 Junii
640 981 712 1038 (lum
737 982 807 1037 illud
831 1001 849 1038 a
870 983 950 1039 vobis
973 1001 1024 1056 pro
1048 1003 1192 1040 musarum
1217 985 1354 1057 dignitate

268 1072 411 1143 sapienter
428 1072 467 1126 sit
484 1072 671 1126 constitutum
689 1075 721 1126 vt
738 1076 816 1126 certa
831 1073 958 1127 mercede
973 1073 1129 1129 conductus
1144 1074 1265 1146 eligatur
1279 1074 1355 1145 quis-

268 1160 344 1231 piam
362 1161 411 1231 qui
428 1160 571 1216 communi
587 1158 756 1214 bibliothece
772 1160 933 1230 proficiatur
950 1160 1091 1216 academia
1106 1179 1170 1217 vero
1187 1181 1236 1233 per
1251 1180 1281 1218 se
1297 1163 1356 1217 sola

269 1266 286 1303 a
302 1253 405 1303 natura
420 1248 516 1320 potius
532 1253 565 1303 vt
583 1248 739 1319 persolvere
753 1247 822 1302 velit
838 1265 924 1318 quam
941 1265 959 1302 a
974 1249 1088 1303 fortuna
1103 1255 1136 1304 vt
1152 1252 1241 1321 possit
1257 1255 1356 1321 parata

268 1337 308 1392 sit
346 1337 440 1392 Placet
460 1335 539 1392 vobis
559 1341 591 1390 vt
608 1335 684 1407 quod
704 1335 752 1390 vni
771 1335 856 1389 nimis
874 1351 958 1406 grave
977 1336 1065 1391 rideri
1083 1339 1173 1409 possit
1191 1339 1275 1394 matri
1293 1357 1356 1394 aca-

268 1423 360 1479 demie
378 1423 407 1480 id
425 1423 557 1479 omnibus
576 1423 748 1478 coniunctim
768 1422 861 1477 filiolis
880 1423 1043 1494 imponetur
1061 1425 1103 1479 ita
1124 1425 1257 1481 nimirum
1277 1431 1308 1480 vt
1326 1433 1356 1481 et

269 1513 321 1567 hoc
345 1513 469 1584 presenti
495 1530 569 1567 anno
594 1512 719 1583 primum
743 1518 773 1565 et
797 1511 897 1566 ceteris
921 1513 970 1582 qui
996 1511 1203 1584 subsequentur
1226 1514 1356 1587 deinceps

249 1601 400 1657 'omnibus
423 1602 584 1673 quicunque
608 1601 644 1656 ad
668 1601 793 1671 aliquam
818 1601 849 1655 in
874 1599 1017 1672 republica
1041 1602 1165 1657 literaria
1188 1603 1354 1674 dignitatem

268 1694 418 1760 provectus
444 1691 484 1745 sit
507 1689 589 1760 quasi
616 1687 775 1760 symbolum
802 1687 915 1758 aliquod
943 1689 1068 1744 conferat
1092 1689 1128 1745 ad
1155 1691 1245 1761 ipsam
1269 1709 1355 1762 quam

268 1777 399 1832 volumus
418 1776 573 1832 mercedem
592 1776 792 1831 conficiendam
813 1776 942 1832 videlicet
962 1777 992 1831 in
1011 1777 1121 1832 artibus
1140 1777 1356 1834 bacchalaureus

269 1866 337 1938 iiijd
361 1865 390 1920 in
415 1864 525 1920 artibus
547 1865 685 1936 incipiens
709 1870 739 1918 et
763 1863 934 1936 respondens
955 1866 1074 1936 quisque
1095 1867 1124 1921 in
1147 1867 1206 1921 iure
1226 1868 1301 1939 viijd
1326 1869 1355 1923 in

268 1955 409 2025 theologia
420 1954 639 2009 bacchalaureus
655 1953 720 2025 xijd
738 1953 836 2009 doctor
852 1959 948 2010 autem
961 1957 1153 2027 vnusquisque
1166 1957 1357 2028 cuiuscunque

268 2042 355 2097 luerit
370 2040 514 2096 facultatis
530 2039 603 2112 xvjd
619 2044 706 2110 atque
722 2039 774 2094 hoc
788 2044 913 2094 vestrum
929 2039 1073 2095 decretum
1090 2059 1140 2113 pro
1155 2046 1265 2098 statuto
1279 2043 1355 2098 dein·

268 2147 334 2201 ceps
352 2128 490 2184 habeatur

198 2217 368 2274 Conceditur
380 2223 411 2272 vt
423 2217 550 2287 magistri
563 2216 659 2271 White
672 2215 797 2270 Marshal
812 2221 841 2270 et
856 2216 986 2271 Shirstcn
999 2215 1136 2271 abeuntes
1146 2217 1176 2272 in
1188 2217 1235 2272 die
1246 2221 1354 2275 comiti-

269 2323 349 2362 orum
361 2305 471 2378 possint
482 2305 569 2360 creari
582 2307 612 2359 et
623 2304 783 2375 inaugurari
799 2305 828 2358 in
840 2304 943 2358 scholis
954 2304 995 2359 sio
1007 2308 1040 2358 vt
1051 2305 1110 2359 sint
1122 2308 1255 2376 postremi
1271 2307 1355 2362 huius

267 2397 335 2452 anni
347 2399 463 2466 excepto
474 2395 615 2450 variatore

197 2484 367 2540 Conceditur
391 2486 407 2542 7
429 2483 499 2539 Julii
520 2487 552 2537 vt
576 2482 707 2537 dominus
730 2481 963 2553 procencellarius
987 2483 1115 2538 doctores
1139 2485 1234 2540 Goade
1258 2479 1386 2541 Nicolss.
1406 2478 1496 2536 1341)

269 2573 367 2644 Harwy
387 2577 417 2627 et
440 2572 515 2642 [regg
537 2571 647 2642 possint
668 2575 763 2624 vestra
787 2570 956 2625 auctoritate
980 2573 1124 2643 concipere
1148 2573 1302 2628 describere
1326 2581 1355 2629 et

267 2660 444 2732 promulgare
455 2657 592 2730 quosdam
607 2657 740 2712 articulos
754 2673 839 2728 super
853 2657 982 2713 custodia
996 2657 1163 2715 bibliothece
1174 2667 1267 2716 vestre
1281 2679 1354 2717 com·

267 2748 362 2803 munis
385 2748 479 2802 sicvt
502 2749 654 2817 postquam
678 2745 780 2814 prelati
804 2743 917 2798 articuli
940 2762 1034 2800 coram
1056 2747 1136 2802 vobis
1156 2748 1221 2804 lecti
1242 2749 1354 2819 publico

268 2841 361 2892 vestro
384 2853 522 2890 consensu
545 2833 693 2906 approbati
718 2833 824 2887 fuerint
848 2833 938 2888 futuri
962 2835 1093 2890 custodes
1116 2835 1152 2890 ad
1177 2853 1271 2892 eorum
1293 2837 1355 2892 dili·

267 2930 380 2997 gentem
398 2923 622 2979 observacionem
640 2925 785 2976 arctentur

198 3013 368 3070 Conceditur
388 3018 405 3067 4
426 3013 539 3083 August
580 3009 752 3066 Forasmuch
773 3027 806 3064 as
827 3011 876 3066 the
897 3010 1040 3066 vinteners
1061 3013 1092 3067 of
1113 3012 1171 3067 this
1191 3014 1354 3069 vniuersitie

268 3103 292 3158 dr
312 3107 404 3157 towns
424 3101 454 3156 of
473 3098 625 3169 Gambridg
645 3098 716 3152 have
737 3097 812 3152 their
832 3097 935 3153 licence
955 3100 987 3154 ol
1004 3101 1113 3171 sellyng
1133 3101 1164 3155 of
1182 3119 1261 3172 wyne
1281 3103 1354 3157 from

268 3191 468 3249 thuniuersitie
491 3191 557 3262 only
580 3189 692 3260 duryng
715 3189 764 3243 the
787 3187 857 3258 good
882 3187 948 3260 wyll
972 3187 995 3243 dr
1018 3189 1146 3259 pleasuer
1168 3191 1200 3245 of
1220 3190 1269 3246 the
1293 3192 1353 3246 said

268 3281 432 3336 uniuersitie
467 3279 550 3350 Mage
567 3278 591 3332 it
607 3276 700 3348 plesse
715 3293 777 3346 yow
794 3276 859 3331 that
875 3276 925 3331 the
940 3276 1044 3331 licence
1059 3278 1091 3332 cf
1105 3276 1213 3349 sellyng
1229 3280 1261 3333 of
1275 3297 1354 3352 wyne

268 3368 405 3440 graunted
423 3371 492 3422 vnto
511 3365 634 3420 Thomas
652 3363 783 3419 Ventreis
802 3363 965 3433 Alderman,
984 3381 1049 3436 may
1066 3364 1106 3436 by
1122 3375 1170 3438 50¹
1186 3367 1355 3422 aucthoritie

270 3459 303 3512 be
319 3454 439 3512 revolred
454 3453 511 3508 and
527 3453 599 3508 from
616 3451 780 3507 henceforth
797 3452 962 3522 accompted
973 3453 1062 3524 voyad
1079 3453 1147 3508 &so
1164 3455 1198 3509 be
1216 3455 1355 3512 bestowed

268 3563 343 3617 vpon
359 3545 450 3599 whom
466 3560 527 3615 yow
543 3540 615 3596 shall
632 3540 748 3595 thinclre
763 3539 833 3609 good

197 3641 215 3690 9
227 3636 341 3705 August
377 3630 535 3686 Pleaseteth
547 3633 580 3702 yt
591 3647 652 3700 yow
664 3629 694 3700 yl
706 3636 746 3682 m¹
758 3627 876 3682 Edward
894 3627 1020 3700 Munday
1033 3646 1099 3700 may
1111 3629 1183 3684 have
1199 3641 1246 3701 yor
1258 3631 1355 3686 lettres

268 3718 455 3778 testimonials
474 3718 505 3773 ot
523 3717 568 3773 his
586 3715 685 3787 degree
704 3716 727 3771 dr
745 3716 962 3771 conversacioun
981 3717 1073 3772 scaled
1094 3717 1142 3772 wth
1161 3729 1208 3790 yc¹
1227 3737 1353 3775 common

268 3808 342 3865 seale

197 3895 367 3953 Oonwditur
390 3895 407 3948 9
428 3893 500 3962 Aug.
544 3891 663 3946 Wheras
686 3889 809 3944 Thomas
834 3890 928 3945 Davill
954 3889 1076 3945 bechiler
1096 3892 1129 3946 of
1148 3896 1209 3946 arte
1233 3893 1354 3966 through

268 3983 415 4039 necessitie
431 3981 455 4035 dr
473 3984 572 4051 vrgent
589 3996 686 4034 causes
704 3979 736 4033 ol
752 3978 797 4032 his
815 3995 892 4033 owne
910 3979 1021 4035 sicknes
1038 3981 1062 4035 dr
1079 3981 1162 4036 other
1179 3982 1224 4037 his
1242 3985 1354 4040 frendes

268 4073 440 4144 &parentes
457 4068 581 4139 togither
600 4066 648 4122 wu
666 4066 715 4121 the
733 4072 825 4122 wante
843 4068 875 4121 of
890 4067 965 4123 their
982 4068 1130 4125 liberalitie
1148 4073 1268 4127 towards
1286 4073 1354 4145 hym

268 4177 325 4215 was
345 4157 447 4214 absent
467 4155 490 4211 ἀ
511 4154 637 4227 hyndred
658 4155 731 4209 from
753 4155 861 4226 talryng
881 4154 926 4210 his
946 4155 1044 4227 degree
1064 4158 1096 4212 ot
1117 4165 1222 4214 master
1242 4161 1273 4215 of
1293 4169 1354 4216 arte

268 4249 351 4318 being
367 4244 504 4318 grauntad
521 4248 591 4299 vnto
608 4243 677 4315 hym
696 4243 725 4298 in
744 4252 825 4314 parte
842 4243 880 4315 by
895 4253 944 4316 yor
958 4251 1106 4300 consentes
1121 4264 1202 4317 maye
1221 4249 1244 4303 it
1262 4250 1354 4320 please

266 4353 336 4409 γον,
356 4336 421 4390 that
441 4335 472 4388 in
493 4331 700 4387 consideracion
723 4331 808 4398 heros,
828 4332 878 4385 the
899 4332 1004 4386 mulcte
1025 4334 1067 4386 tor
1087 4337 1136 4387 not
1155 4336 1286 4407 enioying
1304 4339 1354 4393 the

267 4424 328 4480 said
346 4421 452 4493 degree,
471 4438 537 4492 may
553 4419 603 4473 wl¹²
620 4429 667 4491 yo¹
684 4418 755 4490 good
773 4420 870 4491 likyng
887 4419 923 4473 be
941 4419 1073 4474 remitted
