3376 5108
367 365 409 427 82
813 377 927 428 unncn
950 379 1041 428 econ
1065 378 1087 426 n
1359 361 1525 447 [1551-52

369 535 443 590 Item
455 534 618 590 comeditur
629 537 661 589 vt
674 533 746 604 xiijs
763 531 830 603 iiijd
843 532 947 604 quibus
964 534 1118 588 mulctatus
1137 538 1179 588 eet
1197 533 1330 604 magister
1349 533 1436 605 Fryer
1451 533 1526 604 quod

439 640 543 678 munus
555 622 636 677 edilis
647 623 708 677 eine
717 621 853 677 taxatoris
865 639 922 676 non
931 622 1086 694 susceperit
1097 622 1200 677 iterum
1210 621 1263 676 sibi
1274 621 1375 676 vestris
1386 620 1527 691 suffragiis

439 709 593 766 reddantur
610 709 744 780 quonium
765 708 829 764 eliis
846 707 1017 779 quibusdam
1035 707 1168 779 gravibus
1187 709 1307 778 negociis
1326 708 1479 780 impeditus
1496 706 1525 762 id

439 798 580 852 recusavit
603 815 653 852 nec
677 797 757 852 iuxta
778 801 905 852 veterum
923 801 1096 852 statutorum
1118 814 1173 866 que
1196 797 1226 851 in
1251 796 1303 851 hec
1328 801 1408 868 purte
1430 796 1527 851 velent

439 884 672 940 consuetudinem
688 901 706 939 e
720 902 862 956 quoquam
880 885 924 939 sui
942 885 1048 956 collegii
1066 883 1101 940 ud
1121 885 1150 940 id
1168 885 1250 940 officii
1270 885 1348 956 prius
1364 885 1528 940 nominatus

439 972 494 1027 suit
1013 1015 1017 1022 .

368 1060 442 1115 Item
464 1059 627 1115 conceditur
645 1063 677 1113 vt
700 1059 799 1114 doctor
824 1059 944 1114 Heddcn
966 1059 1062 1114 literas
1086 1058 1122 1113 de
1144 1059 1279 1114 electione
1303 1060 1468 1116 Cancellerii
1492 1078 1526 1115 ec

437 1145 549 1202 eaedem
573 1164 667 1202 ocrem
689 1144 769 1201 vobis
792 1147 872 1218 prius
890 1147 978 1203 lectas
998 1151 1028 1201 et
1047 1145 1218 1218 approbatus
1239 1147 1410 1203 Cancellerio
1431 1147 1527 1204 tradat

437 1234 580 1289 adiunctis
591 1233 645 1289 sibi
657 1233 771 1288 domino
784 1233 999 1304 procencellurio
1010 1239 1040 1289 et
1056 1235 1178 1305 prefecto
1190 1233 1297 1305 collegii
1316 1235 1391 1290 Petri
1405 1235 1526 1292 Londini

439 1338 514 1376 nunc
531 1319 681 1391 agentibus
830 1379 836 1390 ,

368 1410 441 1466 Item
467 1408 630 1464 conceditur
652 1413 685 1464 vt
708 1408 840 1464 dominus
861 1410 1093 1480 procencellerius
1117 1428 1173 1465 vnn
1196 1427 1260 1464 curn
1284 1410 1397 1465 doctore
1422 1411 1526 1466 Perker

438 1499 561 1553 dominis
571 1496 798 1570 procuratoribus
807 1502 836 1553 et
845 1498 987 1569 magistris
997 1499 1060 1568 (sic)
1070 1497 1140 1552 Yale
1149 1496 1272 1554 habeant
1281 1501 1404 1552 vestrum
1411 1497 1526 1554 author-

438 1585 538 1641 itatem
562 1584 683 1641 adeundi
708 1585 809 1640 cistam
828 1601 1006 1640 communem
1030 1589 1060 1640 et
1082 1585 1153 1640 alies
1170 1586 1200 1640 in
1224 1584 1328 1656 quibus
1351 1591 1526 1656 reponuntur

438 1673 601 1730 achademie
614 1673 788 1729 monimenta
797 1673 832 1729 ad
845 1673 996 1729 videndum
1007 1679 1037 1729 et
1046 1673 1262 1746 perquirendum
1274 1691 1408 1746 numque
1419 1674 1525 1746 scripta

439 1763 565 1818 invenire
589 1763 698 1834 mesint
721 1764 917 1818 concernentia
935 1765 1083 1819 rectoriam
1105 1783 1138 1819 ex
1160 1769 1311 1835 patronatu
1332 1765 1525 1821 vniuernitutis

365 1877 369 1884 .
438 1851 495 1905 iem
508 1852 552 1921 (vt
563 1850 656 1918 aiunt)
670 1855 817 1906 recentem
833 1855 863 1906 et
874 1855 937 1906 tum
954 1851 1068 1907 demum
1080 1851 1197 1907 eandem
1214 1852 1347 1907 collocare
1359 1851 1388 1906 in
1401 1850 1524 1923 aliquem

439 1944 565 1994 vestrum
577 1945 661 2010 prout
673 1936 752 1994 vobis
764 1938 906 1994 videbitur
