3378 5116
200 345 366 431 1558-59]
637 359 750 410 aaron
772 357 865 406 soca
886 345 910 404 Δ

417 778 638 847 Praeticantes
660 779 696 844 in
720 776 884 844 medicina
905 785 941 843 et
964 775 1129 862 chirurgia

200 985 370 1042 Conceditur
391 990 408 1041 8
428 984 591 1041 Decembris
608 985 748 1040 Cwaltero
770 983 891 1054 Haughc
912 988 944 1038 vt
963 983 1091 1038 studium
1111 987 1144 1036 12
1164 997 1301 1036 annorum
1324 979 1356 1033 in

271 1073 410 1128 medicine
426 1073 547 1128 sufficiat
565 1073 590 1128 ei
607 1073 643 1129 ad
659 1071 872 1144 practicandum
889 1072 919 1125 in
937 1071 1035 1126 eadem
1051 1071 1093 1126 ita
1108 1073 1141 1124 vt
1156 1069 1217 1124 eius
1234 1067 1355 1123 eruditio

270 1158 441 1231 approbetur
452 1177 502 1230 per
517 1159 645 1215 doctores
656 1158 770 1214 Walker
786 1163 816 1212 et
828 1157 944 1212 Bounde
960 1162 990 1212 et
1001 1157 1106 1212 habeat
1121 1173 1206 1228 super
1221 1155 1275 1210 hac
1291 1172 1354 1210 con-

270 1247 394 1302 cessione
406 1251 500 1302 vestra
511 1247 608 1302 literas
620 1245 757 1317 sigillatas
768 1245 859 1315 sigillo
871 1247 965 1299 vestro
977 1244 1119 1299 communi

199 1335 369 1390 Conceditur
383 1339 416 1390 16
429 1335 524 1390 Martii
538 1333 607 1390 Tho.
622 1333 738 1405 Gybscn
755 1338 788 1388 vt
799 1332 926 1387 studium
938 1335 968 1387 et
984 1332 1108 1404 practica
1121 1334 1154 1386 16
1170 1346 1307 1386 annorum
1324 1329 1354 1385 in
1366 1327 1387 1386 f.
1405 1328 1444 1388 54
1459 1349 1478 1387 a

271 1425 410 1480 medicina
432 1425 590 1496 Antuerpie
614 1423 727 1479 Colonia
751 1427 780 1477 et
802 1423 831 1476 in
852 1421 915 1476 allis
934 1419 1063 1492 partibus
1081 1418 1277 1474 transmarinis
1297 1420 1354 1473 suf-

271 1513 367 1568 ficiant
385 1513 412 1566 ei
433 1512 470 1567 ad
491 1511 704 1583 practicandum
724 1510 755 1565 in
772 1510 870 1565 eadem
888 1509 1025 1564 facultate
1045 1508 1085 1562 sic
1105 1511 1138 1561 vt
1158 1506 1219 1562 eius
1237 1506 1355 1562 scientia
1395 1510 1399 1522 '

269 1601 441 1673 approbetur
464 1619 514 1672 per
537 1601 680 1656 doctorem
705 1596 821 1655 Bounde
844 1603 996 1668 antequam
1016 1597 1185 1652 admittatur
1204 1600 1233 1651 et
1251 1595 1355 1650 habeat

271 1695 362 1745 vestre
379 1689 565 1744 concessionis
582 1688 680 1743 literas
697 1687 788 1758 sigillo
806 1686 999 1741 vniuersitatis
1017 1684 1195 1754 consignatas
1213 1687 1243 1738 et
1263 1683 1355 1738 solvat

270 1778 360 1833 eidem
372 1777 551 1833 vniueraitati
564 1795 622 1832 xrs

200 1865 370 1921 Conceditur
388 1869 405 1920 9
424 1865 492 1920 Maii
510 1864 625 1921 domino
644 1863 766 1918 Rakster
784 1865 816 1916 vt
835 1861 961 1916 studium
983 1864 1015 1914 lb
1034 1877 1172 1915 annorum
1192 1860 1309 1916 chanii
1324 1863 1354 1915 ot

270 1952 337 2008 alibi
350 1954 380 2008 in
392 1953 531 2008 medicina
546 1958 612 2025 post
628 1951 745 2023 gradmn
757 1949 1005 2005 bacchalaureatus
1020 1950 1049 2003 in
1066 1948 1175 2003 artibus
1191 1951 1354 2019 susceptum

270 2043 300 2097 in
315 2042 369 2098 bac
385 2043 569 2098 vniuersitate
587 2041 709 2096 sufficiat
725 2041 751 2095 ci
769 2039 805 2094 ad
824 2037 1036 2110 practicandum
1055 2037 1085 2091 in
1104 2037 1201 2092 eadem
1220 2037 1354 2091 facultate

271 2131 312 2185 sic
335 2136 368 2184 vt
391 2131 452 2184 eius
475 2129 662 2184 eruditionem
687 2128 765 2199 prius
789 2125 1015 2199 approbaverunt
1038 2125 1165 2181 doctores
1188 2123 1302 2178 Wallaar
1325 2128 1355 2178 et

272 2217 387 2273 Bounde
410 2221 440 2272 et
463 2217 548 2271 huius
572 2220 664 2271 vestre
688 2215 874 2270 concessionis
898 2214 994 2268 literas
1019 2211 1123 2268 habeat
1146 2211 1237 2283 sigillo
1261 2215 1354 2266 vestro

271 2305 412 2359 communi
425 2304 561 2375 sigillatas

199 2393 369 2448 Concessum
382 2398 426 2449 ast
438 2394 573 2465 superiori
586 2411 660 2448 anno
674 2391 804 2463 Philippo
818 2391 945 2446 Barrowe
958 2394 989 2445 vt
1001 2389 1129 2445 studium
1141 2391 1157 2446 7
1173 2406 1311 2444 annorum
1324 2389 1354 2445 in

206 2543 210 2548 ,
271 2481 411 2552 chirurgia
429 2481 550 2537 sufficiat
567 2481 593 2536 ei
612 2479 648 2535 ad
666 2479 880 2552 practicandum
899 2479 929 2534 in
947 2477 1044 2533 eadem
1063 2477 1196 2532 facultate
1217 2478 1259 2532 ita
1278 2478 1354 2549 quod

270 2571 331 2625 eius
342 2569 463 2624 eruditio
479 2569 558 2641 prius
574 2568 750 2624 examinetur
762 2572 792 2623 et
808 2566 980 2640 approbetur
995 2571 1062 2622 ante
1078 2566 1139 2621 eiua
1155 2565 1354 2622 admissionem

270 2675 321 2728 per
332 2657 404 2712 duce
415 2657 543 2712 doctores
559 2655 696 2711 medicine
708 2661 737 2710 et
756 2659 789 2712 16
803 2655 899 2710 Martii
915 2655 1078 2710 conceditur
1093 2654 1183 2710 eidem
1196 2661 1228 2710 vt
1239 2653 1355 2711 haberet

271 2746 368 2801 literas
380 2746 567 2802 concessionis
578 2745 740 2801 huiusmodi
753 2745 878 2816 signatas
890 2745 981 2816 sigillo
992 2746 1134 2800 communi

200 2834 370 2890 Conceditur
395 2838 428 2890 16
454 2834 535 2890 Junii
559 2835 628 2890 Tho.
652 2835 756 2890 Surflet
781 2837 813 2889 vt
837 2833 964 2888 studium
990 2837 1021 2888 et
1048 2833 1172 2904 practica
1200 2833 1354 2889 multorum

271 2939 408 2976 annorum
422 2921 452 2976 in
464 2921 605 2993 chirurgia
616 2921 738 2976 sufficiat
750 2921 775 2975 ei
788 2919 824 2975 ad
837 2919 1049 2992 practicandum
1062 2920 1091 2974 in
1108 2919 1205 2974 eadem
1221 2921 1354 2976 facultate

271 3011 362 3065 sicvt
386 3011 447 3064 eius
467 3009 589 3064 eruditio
612 3010 692 3080 prius
715 3009 891 3064 examinetur
914 3013 944 3062 et
967 3006 1138 3080 approbetur
1158 3025 1209 3080 per
1228 3008 1355 3063 doctores

269 3098 396 3154 Hatclrer
413 3102 443 3152 et
467 3098 522 3154 Car
544 3103 574 3153 et
598 3115 648 3170 per
672 3115 760 3153 vnum
781 3115 878 3152 eorum
900 3102 1077 3168 presentetur
1095 3096 1210 3151 domino
1230 3097 1354 3154 vicecan-

269 3186 378 3242 cellario
403 3187 433 3240 in
457 3187 541 3258 plena
564 3187 780 3258 congregacione
797 3186 955 3257 regentium
975 3190 1005 3241 et
1023 3185 1120 3240 literas
1140 3184 1243 3241 habeat
1264 3185 1355 3256 sigillo

269 3280 363 3332 vestro
381 3277 524 3331 communi
542 3275 680 3347 sigillatas

541 3661 773 3730 Bacchalaurei
796 3665 831 3732 in
853 3665 1019 3753 theologia

199 3869 369 3928 Conceditur
382 3874 416 3925 10
429 3869 526 3926 Martii
539 3869 603 3926 Yon
621 3871 764 3928 Badcocke
776 3876 808 3927 vt
824 3871 952 3928 studium
966 3876 998 3927 12
1017 3888 1155 3928 annorum
1172 3871 1202 3926 in
1217 3871 1356 3944 theologia

270 3975 335 4014 cum
356 3957 466 4014 duobus
484 3958 661 4014 sermonibus
681 3977 737 4015 vno
755 3960 791 4016 ad
809 3961 914 4016 clerum
932 3965 963 4015 et
981 3959 1069 4016 altero
1090 3958 1126 4014 ad
1145 3977 1255 4016 crucem
1275 3960 1355 4016 Pauli

270 4052 301 4103 et
312 4064 369 4102 vna
380 4047 560 4120 responsione
569 4047 697 4103 facienda
705 4053 772 4104 ante
784 4049 928 4104 commitia
937 4048 990 4104 sub
1001 4065 1075 4121 pena
1086 4051 1208 4119 quatuor
1219 4047 1354 4104 librarum

271 4137 301 4191 in
313 4135 445 4192 manibus
456 4141 670 4208 procuratorum
682 4143 748 4192 ante
756 4137 817 4193 eius
826 4136 1024 4193 admissionem
1033 4136 1225 4210 ponendarum
1233 4137 1355 4194 sufficiat

270 4225 296 4280 ei
314 4229 375 4279 tam
392 4223 429 4280 ad
447 4224 645 4295 opponendum
663 4241 749 4296 quam
767 4223 803 4279 ad
821 4224 984 4280 intrandum
1002 4224 1032 4280 in
1048 4223 1134 4280 libros
1150 4224 1355 4280 sententiarum

270 4312 363 4367 sicvt
379 4316 446 4384 pest
462 4311 523 4366 eius
546 4310 747 4370 admissionem
770 4312 809 4367 sit
831 4311 867 4367 de
885 4311 991 4384 gramm
1011 4316 1041 4367 et
1060 4315 1157 4368 vtetur
1174 4311 1275 4368 habitu
1298 4331 1355 4369 non

269 4400 392 4472 regentia
409 4400 449 4455 sic
467 4403 500 4456 vt
517 4400 609 4456 solvat
626 4399 803 4456 vniveraitati
821 4399 873 4454 lxa
