3394 5114
770 359 884 409 ossen
906 358 1000 408 soon
1023 359 1045 406 Δ
1315 341 1482 427 [1567-68

201 769 223 830 f.
241 769 312 830 94b
588 774 710 840 Cratiae
733 796 798 838 non
821 781 1052 838 concernentes
1075 772 1211 837 formam

325 955 496 1012 Conceditur
507 961 542 1012 24
555 955 686 1012 Octobris
699 955 822 1011 Roberto
834 957 918 1010 Some
931 956 960 1010 in
973 954 1083 1011 artibus
1100 957 1236 1026 magistro
1253 960 1286 1011 vt
1302 957 1340 1011 sit
1357 974 1430 1010 vnus
1446 974 1480 1010 ex

397 1047 429 1098 12
446 1043 669 1115 predicatoribus
684 1043 737 1098 hoc
754 1060 829 1097 anno
845 1061 895 1114 per
911 1042 1084 1098 academiam
1101 1042 1266 1098 emittendis
1281 1047 1311 1097 et
1327 1042 1481 1113 superbae

394 1134 489 1185 vestra
500 1131 679 1185 concessione
689 1130 787 1184 literas
800 1127 903 1184 habeat
915 1128 1078 1200 obsignatas
1090 1129 1183 1199 sigillo
1195 1135 1289 1183 vestro
1301 1130 1443 1184 communi

324 1217 432 1273 Eadem
450 1219 541 1289 gratia
557 1218 721 1273 conceditur
740 1220 755 1275 7
774 1217 943 1272 Novembris
962 1217 1043 1272 Edm.
1063 1217 1209 1287 Chapman
1228 1217 1276 1271 W⁰
1294 1217 1431 1288 Wyckem
1450 1217 1479 1270 in

394 1305 505 1361 artibus
517 1306 660 1376 magistris
672 1309 702 1361 et
714 1306 783 1362 Tho.
797 1305 999 1376 Carterwright
1008 1305 1147 1376 theologie
1156 1305 1341 1360 baohalaureo
1377 1310 1411 1360 28
1422 1306 1479 1359 Νο-

395 1392 518 1449 vembris
529 1395 594 1466 Rog.
606 1394 701 1449 Goade
712 1399 743 1448 et
753 1394 771 1448 J
773 1412 797 1449 o.
809 1393 943 1465 Gruudye
955 1395 985 1448 in
998 1393 1110 1449 artibus
1123 1395 1266 1464 magistris
1303 1399 1337 1449 23
1349 1395 1479 1450 ianuarii

394 1483 442 1537 W⁰
460 1482 643 1537 Sawnderson
662 1481 794 1537 Ludovic.
815 1480 964 1553 Wylliams
980 1483 1028 1536 W⁰
1046 1481 1139 1536 Tabor
1157 1482 1187 1536 in
1206 1481 1316 1537 artibus
1337 1483 1479 1552 magistris

394 1574 430 1625 30
441 1569 570 1626 ianuarii
582 1569 601 1625 J
602 1587 626 1624 0.
640 1569 700 1624 Bell
713 1586 790 1624 sacre
802 1569 941 1640 theologie
952 1569 1139 1624 bachaleureo
1151 1569 1168 1622 J
1171 1587 1194 1624 ο.
1206 1569 1318 1641 Lynsey
1327 1569 1357 1624 in
1370 1568 1479 1624 artibus

395 1657 529 1728 magistro
541 1661 571 1711 et
582 1659 612 1710 3⁰
623 1655 769 1711 Februarii
781 1657 871 1711 Anth
886 1655 979 1711 Fourd
991 1657 1022 1710 in
1034 1656 1144 1711 artibus
1156 1658 1291 1727 magistro

325 1745 494 1806 Conceditur
502 1749 536 1800 23
543 1746 561 1799 J
563 1745 673 1800 aunarii
682 1750 715 1799 vt
723 1744 855 1800 dominus
867 1745 1101 1816 procanoellarios
1113 1746 1241 1800 doctores
1255 1746 1342 1800 Peme
1351 1741 1478 1802 Hauford

396 1832 496 1904 Harvy
512 1831 599 1886 Ithell
615 1836 645 1886 et
661 1830 769 1886 Master
785 1831 909 1886 habeant
925 1833 1125 1887 auctoritatem
1142 1836 1172 1886 et
1187 1833 1351 1887 facultatem
1368 1833 1480 1888 emendi

395 1925 490 1976 vestra
506 1921 626 1991 pecunia
643 1920 786 1990 quandam
805 1920 920 1975 domum
939 1921 998 1974 sive
1017 1925 1212 1976 tenementum
1231 1939 1296 1975 cum
1315 1922 1374 1976 suis
1392 1921 1478 1991 perti·

395 2009 500 2064 nentiis
512 2009 541 2063 in
554 2009 674 2064 Burnell
686 2009 722 2065 ad
736 2027 819 2064 usum
832 2009 973 2065 academie
985 2011 1026 2065 sic
1036 2015 1067 2064 vt
1079 2010 1108 2064 id
1118 2015 1213 2066 ratum
1223 2012 1262 2065 sit
1271 2010 1346 2081 quod
1356 2015 1479 2081 quatuor

394 2113 492 2152 corum
503 2097 621 2152 iecerint

772 2523 812 2584 12
836 2519 1027 2585 Decembris

322 2706 415 2774 Quum
434 2705 495 2762 dies
515 2706 552 2762 ad
572 2706 796 2778 philosophicam
815 2705 1040 2777 disputationem
1061 2723 1111 2776 per
1132 2711 1243 2761 statuta
1262 2707 1397 2777 assignati
1419 2725 1476 2761 non

392 2795 535 2854 sufficiunt
547 2794 739 2850 bachalaureis
751 2795 781 2848 in
793 2793 904 2848 artibus
915 2794 969 2848 hoc
981 2811 1055 2849 anno
1069 2795 1225 2865 incepturis
1240 2795 1332 2865 placet
1350 2795 1428 2850 robis
1445 2801 1477 2850 vt

392 2884 493 2954 reliqui
509 2885 569 2939 dies
584 2884 702 2956 profesti
718 2884 749 2938 in
765 2882 870 2953 quibus
889 2883 1097 2954 disputationes
1117 2883 1308 2954 philosophice
1328 2901 1476 2939 consueve-

392 2977 460 3028 runt
469 2973 563 3044 peragi
572 2991 623 3045 pro
632 2971 854 3043 disputabilibus
860 2976 1029 3026 censeantur
1038 2971 1079 3026 sic
1089 2975 1120 3026 vt
1130 2971 1232 3042 singuli
1243 2973 1353 3027 vnicam
1362 2977 1476 3028 tentum

392 3061 554 3116 huiusmodi
568 3059 820 3116 extraordinariam
835 3059 1059 3132 disputationem
1076 3079 1207 3132 peragere
1222 3062 1332 3132 possint
1347 3062 1431 3118 modo
1447 3061 1476 3116 id

278 3197 280 3201 ,
392 3151 443 3205 fiat
454 3149 550 3205 schola
562 3149 755 3221 philosophica
765 3153 892 3220 tempore
902 3155 931 3204 et
939 3149 1016 3204 horis
1025 3167 1076 3220 per
1084 3153 1194 3205 statuta
1202 3151 1333 3206 limitetis
1342 3151 1477 3222 presenti-

392 3237 446 3292 bus
458 3255 514 3291 vno
528 3242 741 3308 procuratorum
756 3253 806 3291 seu
820 3253 917 3291 eorum
932 3237 1036 3291 vicario
1052 3243 1082 3291 et
1098 3237 1206 3292 bedello
1222 3241 1252 3292 et
1268 3238 1346 3292 nulla
1361 3239 1476 3293 omnino

392 3325 443 3380 fiat
459 3323 578 3378 variatio
593 3329 623 3378 et
639 3325 663 3378 si
680 3323 750 3394 quid
765 3324 795 3376 in
812 3323 986 3378 contrarium
1004 3324 1054 3378 fiat
1070 3328 1102 3378 vt
1119 3325 1200 3378 irrita
1217 3329 1246 3379 et
1264 3325 1357 3380 inanis
1374 3327 1413 3380 sit
1428 3325 1477 3380 illa

392 3411 549 3482 disputatio
561 3415 590 3465 et
602 3415 634 3465 vt
647 3410 767 3481 quilibet
779 3409 923 3464 licentiam
936 3414 1016 3480 petat
1028 3427 1046 3464 a
1057 3410 1171 3465 domino
1183 3413 1398 3482 procsncellario

322 3501 493 3557 Conceditur
510 3504 543 3555 12
561 3499 725 3555 Decembris
740 3504 773 3553 vt
790 3499 930 3554 terminus
948 3499 1082 3554 hodierno
1099 3499 1147 3554 die
1163 3499 1335 3556 dissolvatur
1352 3519 1409 3555 non
1427 3501 1476 3555 ob-

392 3593 486 3643 stante
503 3592 613 3642 statuto
648 3587 696 3642 Ita
711 3592 808 3642 temen
825 3590 856 3641 vt
873 3585 1030 3658 disputatio
1046 3586 1176 3641 habenda
1193 3587 1238 3642 die
1255 3588 1334 3642 Lune
1350 3589 1476 3659 proxime

392 3695 442 3748 pro
454 3676 553 3731 habita
564 3682 712 3731 censeatur
724 3675 817 3746 quoad
829 3675 997 3745 magistrum
1010 3675 1060 3744 qui
1072 3675 1230 3746 disputaret

322 3763 491 3820 Conceditur
508 3766 541 3821 27
561 3761 706 3818 Februarii
721 3769 754 3818 vt
771 3762 929 3834 disputatio
947 3762 1078 3817 habenda
1094 3763 1140 3818 die
1157 3764 1289 3818 Mercurii
1307 3765 1414 3820 scilicet
1429 3765 1475 3820 die

392 3851 517 3906 cinerum
538 3869 589 3922 pre
611 3849 709 3905 habits
729 3855 876 3905 censeatur
897 3849 990 3920 quoad
1012 3851 1178 3920 magistrum
1199 3853 1248 3924 qui
1269 3851 1427 3923 disputaret
1445 3858 1475 3908 at

393 3937 514 3994 bedellos

321 4027 492 4084 Conceditur
506 4031 522 4086 7
540 4027 610 4082 Maii
624 4031 656 4082 vt
670 4045 725 4098 que
739 4031 850 4082 restant
865 4025 998 4081 exercitia
1013 4025 1049 4080 ad
1065 4044 1121 4096 que
1137 4031 1250 4082 tenetur
1265 4028 1397 4083 dominus
1413 4047 1473 4100 pro·

392 4115 573 4170 cancellarius
589 4115 700 4170 ratione
715 4114 820 4185 gradus
835 4113 960 4184 suscepti
976 4114 1081 4184 partim
1100 4115 1210 4184 possint
1227 4116 1321 4186 peragi
1339 4117 1474 4186 proximis

391 4204 514 4258 comitiis
525 4203 631 4274 partim
642 4201 769 4274 proximo
781 4219 855 4257 anno
867 4203 1002 4273 quoniam
1015 4201 1107 4256 multa
1120 4205 1150 4257 et
1165 4219 1268 4272 magna
1282 4207 1344 4258 tum
1361 4203 1474 4274 publiea

391 4295 453 4346 tum
466 4292 577 4363 privata
589 4307 644 4360 que
655 4290 697 4344 illi
709 4289 879 4345 incumbunt
891 4291 1005 4361 negocia
1018 4291 1102 4344 aliter
1116 4307 1149 4345 ea
1165 4295 1290 4361 prestare
1306 4309 1363 4346 non
1379 4297 1475 4363 potest

391 4379 476 4450 idque
487 4378 541 4433 sub
554 4396 626 4449 pena
638 4378 778 4433 cautionis
790 4396 840 4433 sue
876 4378 1024 4448 (ionsiecit
1038 4380 1136 4450 marg.)
