3394 5114
180 379 342 465 1573-74]
612 399 726 446 ennea
748 399 841 446 anon
864 400 887 445 Δ
1269 381 1331 444 275

176 551 248 606 Oum
261 553 387 608 dimissio
399 552 434 607 ed
447 553 557 607 firmam
570 555 687 608 rectorie
700 560 791 608 vestre
803 553 838 609 de
851 554 970 609 Burwell
987 555 1063 609 factu
1079 557 1213 625 magistro
1224 554 1331 608 Thome

247 639 385 694 Gardiner
402 657 483 694 suum
503 639 637 693 sortietur
654 640 783 694 effectum
803 645 832 695 et
850 641 967 712 incipiet
985 641 1056 695 festo
1074 642 1165 696 sancti
1187 639 1332 695 Michaelis

246 726 405 798 archangeli
425 728 552 798 proximo
572 728 667 781 sutum
709 733 739 782 et
759 729 882 782 Thomas
904 729 994 782 Fokes
1018 729 1158 784 firmarius
1181 727 1332 782 modernus

248 816 297 886 qui
316 833 391 870 nuuc
407 815 495 870 habet
513 816 558 870 ius
575 821 605 869 et
623 815 740 870 titulum
758 815 826 870 dicti
846 816 914 872 Tho.
933 816 1071 871 Gardiner
1088 816 1234 871 humilima
1253 818 1333 886 petet

248 911 280 959 vt
308 904 463 960 deliberata
495 905 531 959 ad
562 922 663 959 manus
692 910 799 960 vestras
826 905 990 960 dimissione
1018 907 1093 960 fecte
1120 905 1196 961 dicto
1226 905 1332 958 Thome

248 993 385 1048 (lardiner
408 993 485 1048 dieta
508 994 629 1048 rectoria
657 1011 707 1064 pro
732 993 828 1047 eodem
854 1011 992 1048 annorum
1019 994 1140 1048 termino
1164 999 1193 1048 et
1217 992 1332 1048 eiisdem

248 1082 380 1138 olamulis
391 1089 421 1138 et
432 1083 643 1138 condicionibus
657 1082 710 1136 sibi
724 1088 753 1137 et
765 1083 916 1153 assignetis
932 1084 991 1138 suis
1007 1085 1121 1139 nomine
1132 1083 1201 1139 dicti
1216 1083 1331 1138 fiuncrii

246 1171 429 1227 coucedaturl
467 1173 562 1226 Placet
575 1171 654 1226 vobis
667 1176 698 1225 vt
710 1171 842 1226 dominus
852 1171 1094 1226 vicecancellarius
1106 1173 1232 1227 doctores
1244 1172 1330 1225 Perne
1344 1180 1353 1212 ¹
1365 1183 1440 1236 mat

248 1260 381 1316 Hawlord
400 1260 560 1316 Ohaderton
582 1261 681 1332 Harvy
701 1260 785 1315 lthell
804 1266 833 1314 et
855 1260 943 1330 Binge
960 1266 990 1314 et
1008 1261 1115 1316 domini
1137 1245 1405 1331 procuratoresque

248 1349 370 1405 habeant
382 1352 579 1405 auctoritatem
590 1355 711 1404 vestram
724 1350 761 1404 ad
773 1349 920 1403 locandam
932 1349 1038 1404 dictam
1051 1350 1198 1404 rectoriam
1208 1353 1330 1404 vestram
1343 1314 1472 1428 &suffivit

248 1437 282 1492 de
296 1438 413 1493 Burwell
426 1438 501 1492 dioto
514 1438 646 1493 moderno
659 1438 781 1492 firmario
793 1437 846 1493 sub
859 1439 979 1493 termino
991 1439 1179 1510 predictorum
1192 1455 1330 1492 annorum
1343 1443 1457 1518 dietam.

248 1526 344 1580 eodem
361 1527 472 1582 redditu
485 1532 514 1580 et
530 1526 644 1580 eiisdem
662 1525 872 1580 condicionibus
890 1544 997 1580 necnon
1010 1525 1125 1581 domum
1145 1523 1475 1596 nu1e1·assig-⁰⁰¹¹⁰⁶⁵⁵¹⁰

249 1619 344 1668 nutam
366 1615 468 1668 vicario
489 1614 592 1668 ibidem
615 1631 664 1684 pro
685 1618 762 1668 certo
783 1614 896 1668 redditu
916 1614 957 1668 sio
980 1619 1010 1667 vt
1030 1613 1058 1668 id
1081 1619 1174 1668 natum
1196 1614 1236 1666 sit
1256 1613 1331 1684 quod
1345 1589 1405 1623 nem

248 1703 338 1756 maior
361 1720 425 1773 pars
445 1719 541 1756 eorum
565 1719 629 1755 curn
654 1719 790 1756 consensu
811 1701 918 1756 domini
942 1701 1158 1755 aimericelhui
1179 1701 1332 1755 decreverit

249 1797 278 1845 et
307 1791 444 1861 sigilletur
474 1791 565 1859 sigillo
592 1795 685 1844 vestro
719 1789 861 1843 communi
891 1796 920 1843 et
950 1788 1044 1843 dictus
1072 1789 1212 1843 firmarius
1241 1789 1332 1844 solvat

249 1881 426 1936 uniuersitati
445 1881 558 1935 nomine
577 1879 640 1933 finis
658 1880 716 1933 sive
735 1879 869 1932 introitus
886 1879 1012 1949 quinque
1029 1895 1138 1932 mareas

178 1970 348 2026 Conceditur
371 1975 400 2024 3⁰
424 1970 492 2024 Julii
522 1970 656 2039 magistro
684 1969 766 2021 Petro
791 1967 890 2021 Shawe
914 1973 945 2020 vt
974 1967 1077 2021 halent
1104 1967 1200 2021 literas
1225 1973 1332 2019 vestras

249 2057 450 2112 testimoniales
474 2055 576 2126 gradus
597 2060 626 2108 et
647 2054 868 2108 conversacionis
892 2071 942 2108 sue
966 2053 1102 2124 sigillatas
1125 2053 1215 2124 sigillo
1240 2057 1332 2106 vestro

248 2147 389 2202 communi
