3408 5116
347 360 411 423 330
782 379 895 427 onnon
917 378 1010 426 neon
1034 379 1056 426 Δ
1336 359 1502 447 [1579-80

347 532 390 586 Ex
404 531 517 603 collegio
533 532 592 588 divi
608 533 747 589 Johnnnie
794 534 821 590 d.
840 534 913 590 Hen.
930 534 1036 590 Neleon
1052 535 1124 590 Heu.
1143 534 1261 606 Toppan
1280 533 1387 606 Rogoro
1404 532 1504 589 Monoll

417 621 487 677 Tho.
510 620 617 692 Sper-ke
640 620 684 676 Jo.
707 621 847 677 Kirklond
869 621 985 678 Otewell
1007 621 1077 694 Hyll
1099 621 1253 677 Nathanell
1275 621 1376 676 Knoxe
1395 621 1503 676 Arturo

416 708 543 764 Johnson
562 709 631 765 Tho.
652 709 773 780 Rookley
792 709 860 766 Tho.
880 709 949 765 (terr
967 709 1073 765 Jaoobo
1093 709 1231 765 Howlnnd
1253 709 1336 765 Leon.
1356 707 1504 782 Sheppnrd

418 796 562 852 Theodoro
575 797 683 853 Beooon
697 797 765 853 Rob.
780 799 894 870 Royner
905 797 923 853 J
925 816 949 853 0.
963 797 1053 852 Forde
1065 796 1113 851 W⁰
1127 797 1247 852 Haleted
1260 797 1374 868 Hugoni
1387 796 1504 852 anson

418 883 540 939 Roberto
560 885 660 941 Birohe
679 884 816 940 Edwardo
833 885 1009 941 Woullnnton
1029 885 1123 942 Oeenri
1141 884 1285 958 Welpoole
1302 885 1370 942 Tho.
1389 883 1504 941 Prowde

417 972 485 1028 Tho,
500 973 586 1045 Hoyll
598 979 627 1029 et
640 974 740 1030 Bened.
755 975 907 1046 Atkyneon

347 1061 389 1116 Ex
401 1062 514 1132 collegio
526 1061 633 1116 Christi
680 1061 706 1117 d,
727 1062 795 1116 Tho.
817 1061 961 1117 Brodoolre
981 1062 1066 1116 Anto.
1088 1062 1192 1117 Wnrde
1211 1063 1254 1118 Jo.
1277 1061 1363 1118 Oowll
1384 1061 1503 1117 Rioonlo

416 1150 550 1205 Dreemer
567 1150 714 1222 Rodulpho
732 1150 857 1206 Hawden
876 1151 923 1206 W⁰
939 1150 1082 1206 Inurenoe
1098 1150 1166 1205 Tho.
1184 1150 1315 1206 Atterbie
1333 1151 1405 1206 Hen.
1420 1151 1503 1205 Fawx

416 1238 464 1292 W⁰
476 1239 626 1311 Atkynnon
639 1239 731 1294 David
744 1239 879 1295 Rohertee
890 1240 908 1295 J
910 1257 934 1296 o.
949 1240 1040 1295 Reeve
1055 1239 1125 1294 Hen.
1140 1239 1256 1294 Fawoue

346 1328 389 1382 Ex
401 1327 515 1398 collegio
536 1327 666 1398 Corporis
688 1328 794 1383 Christi
842 1328 886 1384 Jo.
908 1328 1024 1400 Temple
1047 1327 1165 1383 Rioerdo
1186 1327 1297 1383 Brabon
1317 1327 1359 1383 Jo.
1385 1327 1501 1381 Browne

418 1415 535 1471 Ricanlo
560 1416 675 1486 Gybson
700 1415 831 1472 Christot.
857 1415 948 1472 Abbis
976 1416 1045 1470 Tho.
1072 1415 1181 1488 Harrys
1210 1415 1346 1471 Nioholao
1375 1415 1446 1470 Bate
1473 1418 1503 1469 et

418 1506 537 1560 Rioenlo
555 1506 654 1560 Foster

348 1593 390 1647 Ex
408 1593 521 1663 collegio
540 1593 572 1648 G.
592 1597 622 1647 et
639 1592 701 1648 (loli
748 1592 869 1649 Roberto
888 1591 1010 1648 Kendall
1028 1593 1136 1648 Simoni
1155 1593 1291 1648 Sherrnrd
1309 1592 1378 1647 Tho.
1399 1591 1502 1646 Howeo

420 1681 568 1753 Ranulpho
586 1680 688 1753 (lotlyn
708 1681 777 1736 Rob.
796 1681 884 1752 Fryer
901 1681 944 1736 Jo.
965 1680 1030 1737 Ivee

348 1770 390 1824 Ex
406 1768 520 1839 collegio
537 1769 662 1839 Reginnli
710 1769 737 1824 d,
754 1769 802 1823 W⁰
819 1769 972 1840 Inwghton
989 1768 1121 1824 Christos.
1141 1769 1235 1824 Lenes
1252 1769 1320 1824 Tho.
1339 1769 1503 1838 Stowghlon

418 1857 507 1913 mer.
522 1856 663 1912 Atherton
675 1863 705 1912 et
717 1858 840 1913 Semueh
853 1857 948 1913 Wrent

349 1947 391 2000 Ex
403 1947 468 2001 aula
481 1944 589 2001 Pembr.
638 1945 665 2002 d.
678 1946 804 2001 Antonio
817 1946 934 2002 Wetoon
946 1950 976 2001 et
988 1944 1112 2001 Somueli
1125 1945 1195 2000 Forr

348 2037 391 2090 Ex
403 2034 517 2105 collegio
529 2033 599 2088 Jeeu
646 2033 673 2090 d.
695 2033 826 2089 Michaeli
843 2033 1005 2104 Murgetrod
1022 2033 1070 2089 W⁰
1087 2033 1188 2106 Kynge
1204 2033 1252 2089 W⁰
1268 2033 1373 2104 Rogers
1389 2039 1419 2087 et
1434 2032 1503 2088 Tho.

419 2124 563 2195 Geeooyne

348 2213 391 2267 Ex
402 2212 516 2282 collegio
529 2211 621 2282 Magd.
670 2210 698 2268 d.
712 2211 731 2266 J
732 2229 756 2267 o.
770 2209 877 2282 Anhley
888 2209 906 2265 J
908 2228 932 2264 ο.
945 2209 1055 2282 Tylney
1066 2209 1114 2265 W⁰
1125 2210 1144 2265 J
1145 2227 1212 2265 oneo
1224 2216 1254 2265 et
1266 2209 1344 2280 Step.
1360 2209 1445 2265 Snett

347 2302 391 2357 Ex
402 2301 467 2357 aule
479 2299 560 2356 (liare
606 2298 633 2356 d.
649 2299 667 2354 J
669 2317 692 2354 o.
706 2297 805 2354 Onrter
817 2297 926 2353 Adamo
939 2297 1070 2353 Fowrnee
1081 2299 1129 2352 W⁰
1144 2299 1291 2368 Piokering
1307 2303 1337 2352 et
1351 2297 1399 2352 W⁰
1415 2296 1503 2353 Wild-

419 2407 485 2445 man

348 2479 391 2532 Ex
402 2479 485 2533 domo
497 2477 555 2532 divi
569 2476 643 2530 Petri
691 2475 718 2530 n
732 2475 831 2531 Gwolt.
846 2473 956 2529 Ferret
969 2473 1017 2528 W⁰
1029 2472 1171 2528 Ferbeoke

348 2568 391 2622 Ex
406 2566 519 2637 collegio
534 2565 630 2636 Regali
678 2563 793 2619 domino
809 2563 940 2635 Philippo
956 2563 1066 2618 Ansam
1081 2565 1111 2618 et
1127 2563 1170 2617 Jo.
1188 2561 1291 2617 Olerke
1306 2561 1410 2632 quibus
1426 2561 1505 2616 nulle

419 2656 509 2727 petito
520 2658 571 2709 out
584 2671 714 2709 conoensn
725 2653 815 2724 gretia
827 2671 877 2724 per
888 2653 1103 2707 vniuersitotem

349 2746 433 2800 Mem.
446 2745 521 2815 quod
535 2742 620 2798 Neth.
635 2743 735 2797 Knoxe
746 2747 812 2797 ante
824 2741 939 2796 comitio
951 2743 1026 2797 riom
1039 2741 1168 2796 vniuerse
1180 2741 1272 2795 carnin
1289 2740 1430 2811 ingressus
1442 2745 1486 2794 eet

349 2833 518 2889 Conceditur
531 2835 565 2886 20
578 2831 646 2886 Maii
659 2831 793 2901 magistro
806 2831 954 2886 Francisoo
967 2831 1128 2902 Beryngton
1145 2830 1282 2900 armigero
1300 2829 1358 2883 filio
1374 2828 1461 2884 nobili
1477 2835 1507 2884 et

419 2921 514 2977 heredi
536 2919 751 2974 honoratissime
773 2919 884 2973 seminae
905 2918 1019 2974 domine
1038 2917 1191 2973 Winifrede
1210 2916 1363 2988 Heetinges
1381 2922 1412 2971 vt
1431 2922 1506 2988 poet-

419 3028 505 3082 quam
529 3009 682 3064 solenniter
705 3008 861 3079 productus
884 3007 968 3063 fidem
997 3007 1139 3063 ooodemie
1166 3005 1277 3062 dederit
1300 3008 1447 3077 cooptetur
1476 3007 1506 3059 in

419 3115 569 3155 numerum
587 3103 616 3152 et
634 3097 758 3152 ordinem
779 3097 977 3167 magistrorum
996 3097 1100 3152 artium

773 3417 861 3481 Ordo
883 3416 1082 3481 senioritotis

349 3618 486 3675 Howland
557 3619 600 3674 Jo.
733 3620 833 3676 Certen·
942 3620 1015 3676 Olor.
1120 3619 1236 3691 Temple
1330 3619 1484 3692 corpohr.

347 3707 418 3762 Fert
559 3707 618 3762 Pet
734 3709 879 3779 Wolpoole
944 3708 988 3763 Jo.
1121 3707 1216 3762 Wreet
1332 3709 1438 3778 Regina

348 3795 447 3866 'lllney
559 3795 651 3865 Magd.
736 3795 839 3867 Ootlyn
946 3795 979 3850 G.
993 3797 1016 3850 &
1028 3797 1059 3851 C.
1122 3795 1264 3850 Farbeoke
1334 3795 1406 3849 Petr.

349 3884 453 3939 Nelson
556 3882 600 3937 Jo.
735 3885 847 3939 Morrell
980 3927 986 3940 .
1120 3882 1221 3938 Birohe
1331 3881 1375 3937 lo,

348 3973 506 4043 Stoughton
560 3971 663 4043 Regino
734 3973 855 4028 Ataerton
1005 3974 1010 3986 “
1121 3972 1223 4027 Howse
1329 3971 1443 4028 (MC.

350 4060 418 4132 Hyll
560 4060 603 4116 Jo.
983 4103 989 4115 .
1125 4059 1265 4114 Kirklnnd
1333 4059 1377 4115 Jo.

350 4149 458 4203 Benoon
559 4148 602 4202 Jo.
987 4149 1003 4205 “.
1123 4147 1265 4203 Wildmon
1334 4147 1392 4202 Oln

349 4236 494 4291 Wolaston
558 4235 602 4291 Jo.
744 4236 757 4262 '¹
982 4277 989 4292 .
1123 4237 1228 4308 Rogare
1332 4235 1401 4290 Jeeu

349 4324 466 4378 Weteon
736 4323 879 4378 Tokeieild
987 4325 1003 4378 '.
1123 4321 1286 4393 Murgetrod
1332 4322 1389 4376 Jen

351 4411 420 4465 Farr
560 4365 655 4422 Pemb'
735 4410 863 4465 Johnson
983 4454 989 4467 .
1123 4410 1267 4466 Bredooke
1333 4409 1398 4466 Ohr.
