3376 5108
772 350 886 401 aaron
907 351 1001 401 soon
1024 353 1047 400 s
1334 337 1501 421 [1559-60

791 1145 1038 1230 [rats-1560]

339 1375 451 1440 Gratia
481 1376 549 1440 sive
579 1375 754 1462 petitiones
788 1398 936 1441 concesse
966 1377 1001 1440 in
1035 1377 1132 1461 plena
1164 1376 1411 1463 congregatione
1446 1397 1493 1438 re·

425 1479 573 1564 gentium
597 1486 632 1544 et
652 1502 715 1543 non
735 1479 919 1566 regentium
942 1505 961 1542 a
984 1481 1065 1544 sesto
1088 1481 1192 1545 sancti
1215 1479 1381 1545 Michaelis
1403 1477 1493 1543 arch-

427 1583 535 1670 angeli
559 1605 645 1648 anno
677 1586 761 1649 1559
791 1607 890 1669 vsque
918 1584 957 1647 ad
981 1583 1067 1648 idem
1095 1585 1215 1649 festum
1241 1592 1321 1649 tunc
1349 1583 1494 1670 proxime

427 1709 565 1773 sequens
612 1687 764 1754 Johanue
786 1689 889 1772 Porye
910 1689 960 1772 (et
980 1688 1064 1753 And.
1081 1690 1201 1771 Perne)
1223 1711 1311 1753 sacre
1332 1687 1494 1774 theologie

427 1792 604 1876 professore
627 1801 706 1856 tunc
733 1791 995 1857 vicecancellario
1019 1801 1054 1857 et
1077 1792 1240 1877 magistris
1264 1792 1493 1857 Bartholomeo

428 1890 649 1978 Dcddyogton
672 1899 707 1956 et
729 1891 870 1978 Georgio
893 1891 1005 1955 Fuller
1026 1891 1289 1977 procuratoribus

341 2099 375 2154 In
388 2097 488 2170 primis
500 2097 662 2152 conceditur
681 2101 725 2150 ll⁰
741 2097 872 2152 Octobris
890 2102 922 2150 vt
938 2114 1035 2152 omnes
1050 2096 1139 2167 gratie
1153 2096 1328 2152 admittenda
1345 2115 1394 2168 per
1405 2097 1493 2152 domi·

410 2204 479 2241 num
498 2186 754 2241 vicecancellarium
771 2187 900 2242 doctores
922 2185 1010 2257 Pcrye
1029 2183 1099 2240 Yale
1116 2190 1147 2240 et
1164 2185 1277 2241 Walker
1297 2191 1327 2242 et
1346 2186 1495 2257 magistros

410 2274 538 2329 Haulord
562 2278 591 2329 et
609 2275 710 2330 Curtes
728 2277 839 2346 possint
855 2292 1019 2329 concurrere
1038 2274 1067 2328 in
1089 2279 1212 2344 quatuor
1231 2275 1494 2345 congregacionibus

410 2362 494 2418 buius
512 2363 578 2418 anni
598 2363 639 2418 ita
656 2369 689 2419 vt
707 2364 808 2434 singuli
827 2381 924 2420 eorum
942 2362 1120 2418 consentiant

495 2703 608 2768 Gratie
632 2703 719 2768 varie
746 2711 780 2768 et
803 2704 926 2768 nullam
951 2706 1086 2769 sormam
1110 2715 1340 2771 concernentes

340 2893 509 2949 Conceditur
526 2897 561 2948 20
577 2893 707 2949 Octobris
719 2899 751 2948 vt
767 2894 898 2949 dominus
915 2894 1157 2950 vicecancellarius
1175 2896 1265 2966 possit
1282 2900 1376 2950 vestra
1394 2898 1492 2953 autho·

411 2982 496 3035 ritate
522 2982 643 3037 crimem
666 2999 682 3036 e
710 2981 782 3036 cista
810 2981 952 3036 communi
980 2987 1009 3036 et
1033 2987 1145 3053 portare
1175 2982 1333 3037 Londinum
1357 2984 1494 3054 quasdam

410 3067 566 3123 evidentias
589 3086 640 3139 pro
664 3069 821 3140 receptione
845 3069 1029 3140 pecuniarum
1053 3068 1213 3124 debitarum
1234 3069 1412 3126 vniuersitati
1434 3077 1493 3127 tarn

410 3173 461 3227 pro
485 3155 604 3211 lectione
633 3154 788 3227 theologica
811 3159 841 3211 et
862 3157 1035 3228 predicatore
1053 3173 1139 3227 quam
1158 3174 1209 3228 pro
1229 3159 1354 3229 exequiis
1378 3160 1494 3215 Henrici

410 3243 525 3314 septimi

340 3331 510 3388 Conceditur
525 3336 554 3387 3⁰
572 3331 739 3387 Novembris
755 3335 787 3386 vt
804 3332 927 3403 sigillum
943 3331 1156 3388 cancellariatus
1173 3335 1203 3387 et
1222 3333 1315 3388 claves
1334 3334 1404 3389 cisto
1420 3353 1493 3390 ccm-

410 3421 506 3478 munis
517 3421 626 3493 possint
638 3421 753 3492 sigillari
766 3421 864 3492 sigillis
877 3421 1074 3492 magistrorum
1088 3420 1221 3476 Rowland
1233 3426 1263 3476 et
1275 3421 1376 3478 Curtoe

440 3739 588 3806 Andreas
612 3741 715 3806 Petne
737 3763 826 3807 sacre
848 3740 1011 3827 theologie
1034 3741 1191 3827 professor
1213 3740 1335 3806 electus
1357 3740 1391 3805 in

557 3845 890 3911 vicecancellariatum
914 3848 949 3909 4⁰
972 3843 1168 3909 Novembris
1192 3847 1291 3910 1559ο

339 4033 509 4090 Conceditur
522 4040 555 4091 15
569 4033 731 4090 Decembris
742 4039 775 4090 vt
786 4051 878 4090 sermo
889 4033 1108 4091 examinator-ius
1119 4033 1155 4088 ad
1172 4051 1256 4105 quem
1273 4039 1386 4089 tenetur
1396 4034 1495 4089 doctor

411 4122 507 4177 Home
531 4123 639 4178 ratione
659 4123 703 4178 sui
723 4123 827 4194 gradus
845 4122 969 4193 suscepti
990 4121 1080 4193 possit
1100 4121 1205 4176 differri
1229 4139 1318 4192 vsque
1336 4120 1372 4176 ad
1390 4123 1494 4177 festum

412 4209 516 4264 Pascha
523 4209 682 4281 proximum
691 4209 745 4266 sub
754 4227 827 4281 pena
835 4209 880 4281 ciij
890 4229 904 4264 s
916 4209 984 4280 iiijd
997 4209 1193 4265 solvendarum
1202 4211 1264 4280 (sic)
1273 4211 1415 4265 communi
1425 4210 1495 4265 cisto

340 4298 446 4353 Eadem
462 4299 553 4368 gratia
568 4297 731 4353 conceditur
745 4297 836 4353 eidem
849 4303 866 4351 5
883 4299 990 4370 Aprilis
1007 4316 1095 4370 vsque
1111 4297 1147 4353 ad
1163 4299 1268 4353 festum
1283 4298 1341 4353 divi
1356 4297 1496 4354 Johannis

409 4383 463 4440 sub
475 4383 572 4440 eadem
584 4402 658 4457 pena
669 4385 729 4440 sine
741 4385 867 4441 vlteriori
879 4385 1014 4441 dilatione
