3378 5116
787 380 901 432 nuncu
924 381 1016 434 soor
1040 385 1062 433 s
1335 367 1501 456 [1552-53

715 842 947 910 Bscchaieurei
970 844 1134 931 theologie

345 1031 380 1086 In
389 1032 488 1104 primis
499 1034 662 1090 conceditur
675 1037 808 1106 magistro
820 1035 988 1108 Whytiockc
1002 1041 1034 1092 vt
1050 1038 1178 1093 studium
1190 1043 1299 1110 septem
1316 1056 1454 1096 annorum
1472 1041 1501 1096 in

414 1120 555 1192 theologia
578 1126 728 1194 postquem
749 1125 851 1179 rexerit
871 1125 900 1178 in
919 1125 1029 1180 ortibus
1053 1143 1109 1180 vnn
1127 1143 1192 1181 cnm
1211 1126 1442 1197 replicscionibns
1461 1147 1501 1184 re-

414 1209 611 1279 sponsionibus
634 1215 664 1265 et
688 1210 868 1266 concionibus
892 1229 942 1282 per
966 1212 1042 1282 regia
1064 1217 1175 1268 statute
1198 1214 1342 1283 requisitis
1361 1215 1502 1271 sufficient

414 1298 439 1350 ei
458 1297 494 1351 od
512 1297 676 1352 intrandum
694 1299 723 1352 in
743 1298 882 1368 theologis

345 1383 417 1438 Item
437 1384 598 1439 conceditur
615 1385 750 1456 magistro
766 1385 916 1457 Twheytes
932 1390 967 1441 vt
982 1386 1110 1442 studium
1126 1390 1141 1444 7
1161 1403 1299 1442 annorum
1314 1389 1344 1443 in
1363 1388 1502 1462 theologis

415 1477 565 1543 postquem
583 1473 686 1528 rexerit
704 1474 733 1528 in
751 1473 861 1528 artibus
880 1491 936 1528 vna
953 1492 1018 1529 cum
1035 1474 1211 1531 sermonibus
1228 1477 1456 1548 responsionibus
1472 1485 1501 1534 ct

414 1559 478 1615 sliis
489 1559 628 1614 exercitiis
640 1560 720 1616 iuxts
736 1564 846 1616 statuta
861 1562 937 1632 regia
953 1561 1098 1632 requisitis
1114 1562 1255 1618 sufficiant
1270 1565 1295 1618 ei
1308 1564 1344 1620 sd
1361 1583 1500 1637 opponen-

413 1648 482 1704 dum
495 1649 525 1704 in
538 1667 617 1704 sacra
629 1649 768 1720 theologis
1245 1663 1256 1683 ·

345 1737 418 1793 item
442 1737 604 1793 conceditur
626 1739 761 1810 magistro
785 1738 910 1794 Thewlss
938 1744 970 1794 vt
998 1739 1125 1795 studium
1153 1741 1279 1814 quinque
1302 1761 1440 1800 annorum
1470 1745 1499 1800 in

413 1826 552 1898 theologis
563 1832 713 1899 postquem
725 1827 828 1882 rexerit
840 1827 869 1882 in
882 1827 992 1884 artibus
1003 1845 1059 1883 vna
1071 1846 1136 1884 cum
1148 1830 1372 1901 oppositionibus
1387 1849 1499 1905 respon-

414 1910 539 1967 tionibus
556 1910 737 1968 concionibus
753 1918 783 1968 et
804 1913 867 1968 aliis
888 1915 1027 1970 exercitiis
1051 1932 1100 1987 per
1124 1916 1199 1986 regia
1222 1920 1333 1972 statuta
1357 1919 1500 1990 requisitis

413 1999 554 2056 sufficiunt
571 1999 597 2056 si
615 1999 651 2056 ed
669 2000 834 2056 intrandum
853 2002 883 2057 in
901 2021 980 2059 secra
997 2003 1137 2075 theologia

1665 1258 1682 1307 t

721 2463 878 2530 Doctores
900 2464 935 2528 in
959 2463 1122 2530 medicine

343 2649 416 2705 Item
429 2649 590 2705 conceditur
602 2651 736 2721 magistro
748 2651 923 2723 Stsndysshe
935 2653 1038 2707 seniori
1050 2655 1222 2724 procuratori
1235 2662 1267 2710 vt
1278 2654 1405 2712 studium
1416 2659 1498 2729 quin-

412 2755 468 2809 que
491 2755 629 2792 annorum
652 2738 682 2792 in
707 2737 846 2792 medicine
869 2742 1019 2810 postquem
1043 2739 1146 2794 rexerit
1170 2741 1198 2795 in
1222 2742 1331 2797 artibus
1355 2761 1410 2799 vns
1433 2763 1498 2801 cum

411 2824 543 2880 omnibus
566 2825 790 2896 oppositionibus
814 2826 1042 2896 responsionibus
1061 2829 1212 2884 anatomiis
1232 2836 1262 2884 et
1279 2830 1342 2886 eliis
1360 2833 1499 2888 exercitiis

411 2931 461 2986 per
473 2915 548 2984 regis
560 2918 671 2968 stetuts
682 2915 825 2985 requisitis
837 2915 958 2970 sufficiet
969 2915 996 2970 ei
1008 2915 1044 2971 sd
1057 2916 1248 2988 incipiendum
1261 2919 1290 2973 in
1303 2919 1399 2975 eedem
1412 2921 1497 2977 fecul-

411 3007 471 3057 tste
520 3002 584 3056 Non
597 3006 641 3056 est
653 3007 763 3057 creatus
776 3003 828 3057 hoc
840 3020 914 3058 enno

342 3091 415 3146 Item
428 3089 590 3146 conceditur
603 3091 736 3161 magistro
749 3091 886 3163 Patrycke
901 3099 932 3146 vt
948 3092 1075 3148 studium
1093 3100 1201 3165 septem
1218 3113 1355 3151 annorum
1367 3098 1397 3153 in
1411 3099 1498 3155 medi-

410 3182 474 3235 cina
493 3185 642 3251 postquam
660 3179 763 3234 rexerit
780 3181 810 3234 in
833 3179 942 3235 artibus
963 3199 1019 3236 vna
1038 3199 1103 3236 cum
1121 3183 1252 3238 omnibus
1274 3186 1498 3256 oppositionibus

410 3266 637 3338 responsionibus
649 3273 679 3323 et
690 3269 752 3323 aliis
765 3269 904 3324 exercitiis
919 3287 970 3340 per
984 3270 1061 3341 mgis
1075 3275 1186 3326 statuta
1201 3272 1345 3343 requisitis
1356 3275 1497 3332 sufficient

410 3357 436 3410 ci
448 3355 484 3410 sd
496 3355 687 3427 incipiendum
700 3357 730 3411 in
742 3357 839 3412 ecdem
851 3357 986 3412 facultate

340 3446 415 3501 item
427 3444 561 3516 magister
574 3445 748 3518 Steudysshe
765 3463 849 3516 egens
865 3446 894 3500 in
912 3444 1041 3517 pertibus
1057 3448 1254 3504 transmarinis
1269 3466 1325 3503 non
1338 3449 1498 3507 celebrabat

410 3534 555 3588 commitis
567 3551 618 3589 nec
630 3539 674 3590 est
685 3541 796 3590 creatus

218 3991 327 4050 test
724 3975 846 4040 Doctor
867 3975 900 4038 in
919 3974 996 4060 jure
1018 3974 1108 4040 ciuili

341 4166 375 4220 In
387 4164 487 4237 primis
499 4163 661 4219 conceditur
672 4163 806 4234 magistro
819 4161 847 4216 N
848 4178 971 4233 cvynson
988 4166 1019 4216 vt
1031 4162 1158 4218 studium
1173 4164 1299 4235 quinque
1311 4181 1449 4219 annorum
1465 4165 1494 4219 in

406 4253 470 4324 jure
491 4251 567 4307 ciuili
586 4256 736 4323 postquem
757 4249 860 4304 rexerit
884 4250 913 4304 in
934 4246 1045 4304 artibus
1067 4267 1123 4305 vno
1141 4268 1205 4306 cum
1225 4251 1448 4323 oppositionibus
1466 4259 1496 4307 et

410 4337 636 4410 responsionibus
648 4344 678 4392 et
689 4336 752 4391 aliis
763 4335 902 4390 exercitiis
917 4353 967 4407 per
980 4337 1056 4407 regis
1072 4341 1182 4392 statuto
1198 4339 1341 4409 requisitis
1353 4339 1495 4396 sufficiant

409 4429 436 4482 ei
447 4427 483 4482 sd
496 4426 684 4499 incipiendum
697 4426 726 4479 in
739 4423 835 4478 eodem
848 4425 908 4479 iure
