3378 5126
782 365 895 415 oenoe
918 366 1011 416 eoos
1033 367 1055 414 n
1339 347 1503 433 [1586-87

687 687 909 754 Praeticantes
932 688 966 753 in
991 687 1154 755 medicina
1237 739 1240 746 .

346 875 516 931 Conceditur
535 881 568 932 12
586 875 665 932 Junii
684 879 818 948 magistro
836 878 880 934 Jo.
900 878 998 950 Harvy
1016 883 1048 934 vt
1065 879 1192 935 studium
1210 879 1299 934 trium
1317 895 1453 934 antrorum
1473 877 1502 932 in

417 963 555 1019 medicina
575 969 726 1036 postquam
748 967 850 1021 rexerit
870 967 900 1021 in
923 967 1033 1021 artibus
1054 967 1175 1022 sufficiat
1193 965 1218 1022 ei
1236 966 1272 1022 ad
1290 964 1501 1039 practicandum

418 1058 510 1110 vestre
526 1055 695 1109 auctoritate
708 1055 736 1110 in
749 1055 846 1111 eadem
862 1055 1002 1111 medicina
1015 1056 1056 1110 sic
1072 1061 1104 1111 vt
1120 1056 1181 1110 eius
1197 1054 1318 1111 eruditio
1334 1059 1364 1110 et
1379 1055 1503 1126 cognicio

417 1141 495 1212 prius
506 1143 701 1197 examinentur
712 1149 741 1197 et
754 1143 945 1215 approbentur
956 1161 1006 1216 per
1017 1143 1145 1199 doctores
1158 1143 1261 1198 Werde
1272 1147 1302 1198 et
1314 1143 1400 1198 Burro
1412 1147 1441 1197 et
1453 1160 1503 1213 per

416 1249 503 1286 vnum
515 1247 612 1286 eorum
626 1235 804 1303 presentetur
820 1249 913 1286 coram
930 1231 1044 1286 domino
1061 1231 1276 1303 procenoellario
1293 1232 1321 1285 in
1339 1230 1421 1302 plena
1438 1248 1502 1284 con-

416 1318 576 1389 gregacione
594 1319 761 1389 Begentium
773 1323 802 1374 et
814 1336 898 1390 super
914 1319 967 1374 hac
984 1323 1077 1375 vestre
1093 1319 1270 1375 concessione
1287 1319 1383 1374 litores
1400 1317 1503 1372 hebeat

416 1405 553 1476 sigillatas
564 1405 655 1476 sigilio
668 1411 760 1460 vestro
772 1407 915 1461 communi

348 1494 452 1548 Eadem
465 1494 555 1565 gratia
566 1493 728 1548 conceditur
740 1493 838 1549 vltimo
850 1493 868 1548 J
871 1494 929 1549 unii
943 1495 1076 1566 magistro
1089 1494 1227 1551 Clementi
1237 1493 1325 1552 Forth
1334 1511 1398 1549 cum
1407 1494 1503 1548 studio

417 1600 435 1636 x
446 1598 584 1636 annorum
597 1587 746 1653 postquam
758 1587 804 1637 eto

347 1669 516 1725 Conceditur
531 1669 577 1742 ijo
592 1670 672 1725 Junii
686 1670 730 1728 Jo.
750 1669 887 1742 Drywood
903 1675 935 1726 vt
951 1669 1077 1726 studium
1094 1675 1123 1725 et
1140 1671 1264 1742 practice
1280 1688 1298 1724 x
1316 1687 1453 1726 annorum
1472 1671 1502 1726 in

418 1758 557 1814 medicina
575 1759 696 1814 sufficiat
717 1759 743 1813 ei
762 1759 798 1813 ad
818 1758 1030 1831 practicendum
1049 1763 1144 1814 restra
1164 1759 1333 1814 auctoritate
1354 1760 1383 1813 in
1404 1759 1502 1814 eedem

418 1849 556 1903 medicina
568 1850 652 1904 sicvt
664 1849 725 1904 eius
736 1849 857 1905 eruditio
868 1853 898 1904 et
910 1849 1032 1920 cognitio
1048 1851 1127 1920 prius
1143 1851 1340 1905 examinentur
1356 1855 1385 1905 et
1401 1867 1503 1921 appro-

418 1937 521 1992 bentur
532 1955 582 2009 per
593 1936 721 1992 doctores
734 1937 834 1992 Werde
848 1944 878 1993 et
894 1939 980 1992 Barro
996 1944 1027 1993 et
1043 1955 1093 2009 per
1109 1955 1196 1993 vnum
1212 1956 1309 1993 eorum
1327 1944 1505 2010 presentetur

417 2041 510 2079 coram
532 2025 645 2080 domino
667 2026 880 2096 procancellario
902 2027 932 2080 in
954 2025 1037 2096 plena
1057 2025 1270 2097 congregatione
1289 2026 1455 2097 Regentium
1473 2031 1504 2080 et

416 2131 501 2185 super
518 2114 570 2168 heo
588 2120 682 2168 vestra
700 2115 878 2170 concessione
896 2115 992 2170 literas
1014 2114 1118 2170 habeat
1138 2114 1275 2186 sigillatas
1296 2115 1387 2186 sigillo
1408 2119 1503 2170 vestro

417 2202 559 2257 communi
605 2207 634 2256 5⁰
645 2202 662 2256 J
665 2202 714 2257 ulii
726 2203 822 2258 eadem
835 2205 927 2274 gratia
939 2203 1102 2259 conceditur
1114 2204 1248 2274 magistro
1259 2203 1303 2258 Jo.
1318 2203 1425 2258 Dobbis
1436 2221 1502 2258 cum

416 2290 511 2344 studio
520 2295 537 2343 t
546 2307 683 2344 annorum
695 2294 725 2345 et
737 2290 940 2363 approbeeione
949 2291 975 2347 d.
987 2292 1085 2347 Barow
1097 2296 1126 2346 et
1139 2291 1207 2347 Tho.
1219 2291 1386 2347 Mundeford
1424 2293 1504 2360 (nota

416 2378 491 2450 quod
503 2378 623 2450 quilibet
635 2379 793 2450 practicam
805 2384 856 2434 sut
867 2379 935 2451 legit
946 2385 997 2434 eut
1009 2380 1094 2435 solvit
1107 2397 1143 2434 xx
1153 2398 1167 2434 s
1179 2381 1301 2454 marnffio)

624 2687 854 2753 Bacchalaurei
878 2689 912 2752 in
931 2687 1007 2774 jure
1030 2685 1118 2752 civili
1140 2685 1223 2751 nulli

732 3007 853 3074 Doctor
875 3006 909 3071 in
928 3007 1004 3093 jure
1027 3005 1114 3071 civili

347 3199 515 3256 Conceditur
527 3205 562 3255 20
573 3199 701 3255 Januarii
715 3200 849 3270 magistro
862 3198 982 3253 Rioerdo
998 3198 1086 3252 Swale
1103 3203 1135 3252 vt
1151 3195 1277 3251 studium
1296 3194 1343 3266 viij
1362 3211 1502 3249 annorum

416 3291 445 3343 in
466 3289 526 3345 iure
544 3290 620 3344 civili
639 3295 789 3361 postquem
811 3289 913 3343 rexerit
934 3289 963 3342 in
985 3287 1094 3342 artibus
1116 3303 1171 3341 vna
1191 3303 1256 3340 oum
1276 3283 1503 3357 opposicionibus

417 3378 644 3449 responsionibus
660 3377 814 3448 ceterisque
830 3375 970 3431 exercitiis
985 3392 1035 3446 per
1049 3378 1159 3428 statuta
1175 3372 1251 3444 regia
1267 3371 1409 3442 requisitis
1426 3371 1501 3426 suffi-

416 3467 473 3520 ciet
485 3466 510 3519 ei
523 3466 558 3520 ad
572 3466 762 3537 incipiendum
776 3467 804 3520 in
817 3464 914 3520 eodem
924 3465 988 3536 jure

688 3733 917 3835 Bacchusue
941 3769 975 3833 n
999 3768 1161 3855 theologia

347 3960 517 4017 Conceditur
529 3959 628 4014 vltimo
641 3956 770 4013 Octobris
788 3959 857 4012 1586
873 3957 1007 4028 magistro
1022 3955 1194 4012 Christoforo
1211 3956 1310 4029 Abbys
1327 3961 1359 4012 vt
1374 3955 1501 4012 studium

418 4057 525 4121 septem
545 4063 683 4103 annorum
700 4047 728 4100 in
747 4046 886 4116 theologia
898 4051 1049 4117 postquem
1062 4047 1164 4101 rexerit
1176 4046 1206 4101 in
1218 4046 1329 4102 artibus
1341 4063 1406 4102 curu
1417 4063 1503 4118 oppo-

417 4137 568 4194 sicionibus
586 4133 814 4208 responsionibus
830 4134 1006 4189 sermonibus
1024 4134 1144 4206 aliisquo
1162 4135 1302 4191 exercitiis
1324 4152 1374 4207 per
1392 4139 1503 4190 statuta

418 4229 492 4299 regie
504 4226 649 4298 requisitis
660 4224 781 4279 sufficiat
796 4224 822 4279 ei
839 4228 900 4278 tam
916 4223 952 4279 od
969 4224 1166 4296 opponendum
1183 4241 1269 4295 quam
1286 4223 1322 4280 ad
1338 4223 1501 4280 intrandum

418 4317 536 4369 inseora
544 4313 684 4383 theologia
716 4311 820 4366 Eadem
830 4311 921 4382 gratio
929 4311 1091 4366 conceditur
1098 4311 1195 4366 eodem
1204 4313 1338 4383 magistro
1346 4312 1393 4367 W⁰
1402 4312 1503 4368 Hares

419 4405 491 4460 Hen.
508 4403 611 4458 Nelaon
628 4401 707 4457 Geor.
726 4401 749 4473 [i
758 4399 837 4472 Rog]
853 4400 966 4456 Mormll
983 4403 1089 4455 Arturo
1105 4400 1230 4455 Johnson
1253 4400 1372 4456 Ricardo
1391 4401 1502 4457 Claiton
