3400 5126
363 314 425 375 282
795 331 1023 380 calcaneos
1047 331 1070 378 Δ
1351 312 1515 398 [1574-75

429 483 564 553 magistro
591 484 716 540 Johanui
745 485 803 541 Oox
829 485 964 557 magistro
992 485 1129 540 Maurieio
1155 485 1306 542 Fawconer
1329 489 1360 540 et
1383 484 1517 556 magistro

429 569 563 626 Gimltero
582 571 688 628 Berker
733 573 891 630 Piesentsti
910 591 959 645 per
976 573 1117 630 doctorem
1137 573 1298 630 Chaderton

357 659 529 715 Conceditur
539 661 647 716 3rlunii
659 661 795 732 magistro
806 662 822 716 J
826 681 850 716 o.
861 662 962 717 Steme
971 667 1003 716 vt
1015 662 1143 718 studium
1156 664 1322 720 'Icenorum
1335 662 1364 717 in
1378 662 1517 732 theologia

316 797 318 802 .
426 752 579 819 postquam
595 750 700 804 rexerit
716 751 745 806 in
762 750 872 806 artibus
888 768 953 806 cum
966 768 1022 805 vna
1037 750 1218 822 responsione
1230 769 1286 806 vna
1297 750 1475 822 opposicione
1487 755 1517 804 et

428 854 483 891 vno
501 854 629 892 sermone
644 835 680 892 ad
697 839 833 909 populum
851 839 973 894 sufficiat
989 838 1015 892 ei
1033 841 1093 892 tam
1108 837 1145 894 cd
1162 836 1361 910 opponendum
1376 855 1463 910 quam
1480 836 1517 891 ad

428 925 592 981 intrandum
611 927 641 980 in
659 943 739 982 sacre
757 926 897 1002 theologia

357 1014 528 1070 Conceditur
550 1015 648 1072 ecdem
672 1017 808 1088 magistro
832 1016 900 1071 Tho.
925 1016 1026 1072 Fsrlax
1047 1016 1092 1071 cui
1114 1016 1251 1088 superiori
1272 1017 1318 1072 die
1338 1014 1516 1070 concessistis

427 1105 547 1175 gratiam
569 1105 605 1160 sd
629 1105 828 1177 opponendum
849 1111 879 1161 et
902 1105 1067 1162 intrandum
1090 1107 1119 1161 in
1141 1125 1221 1161 secra
1241 1105 1382 1174 theologia
1403 1108 1435 1159 vt
1455 1103 1516 1158 eius

428 1193 571 1265 responsio
588 1197 618 1248 et
634 1194 776 1265 opposicio
792 1199 940 1250 mutentur
957 1195 985 1249 in
1003 1211 1160 1249 sermonem
1172 1193 1208 1249 ed
1220 1195 1326 1249 clerum
1338 1199 1368 1248 et
1380 1209 1467 1247 vnum
1479 1191 1516 1246 ed

427 1282 562 1354 populum
579 1283 609 1337 in
627 1281 769 1338 eccdemie
785 1283 891 1355 templo
908 1289 975 1338 aute
986 1284 1047 1338 eius
1059 1283 1259 1338 admissionem
1272 1281 1340 1354 quia
1350 1280 1516 1336 difficultate

427 1370 559 1426 audiendi
580 1372 622 1426 ita
642 1371 752 1427 leborat
769 1377 802 1427 vt
819 1377 919 1428 contra
937 1372 1118 1444 disputantes
1138 1371 1281 1444 percipere
1298 1375 1327 1426 et
1344 1369 1441 1425 audire
1459 1386 1515 1424 non

427 1460 518 1530 possit

357 1547 528 1604 Concslitur
548 1549 640 1620 prime
658 1549 728 1604 Julii
746 1553 779 1604 vt
799 1567 891 1604 sermo
912 1549 948 1605 ad
968 1550 1075 1605 clerum
1093 1549 1130 1604 ad
1147 1567 1233 1620 quem
1251 1552 1366 1604 tenetur
1382 1546 1516 1617 magister

428 1638 521 1692 Slater
541 1639 650 1693 ratione
670 1638 774 1710 gradus
794 1639 838 1694 sui
860 1639 1031 1711 suscipiendi
1053 1639 1145 1711 possit
1162 1639 1288 1694 converti
1309 1637 1339 1692 in
1357 1653 1514 1691 sermonem

427 1725 463 1780 ad
490 1726 626 1796 populum
651 1727 784 1796 quoniam
814 1727 923 1797 magnis
950 1732 980 1781 et
1006 1725 1140 1797 gravibus
1165 1725 1288 1797 negociis
1314 1723 1515 1796 archiepiscopi

429 1813 613 1870 Eboraoensis
636 1822 791 1886 occupatus
815 1832 871 1868 non
896 1815 991 1885 potuit
1015 1818 1141 1885 tempore
1165 1813 1263 1868 adesse
1283 1811 1320 1868 ad
1344 1811 1516 1884 peragendos

427 1921 525 1958 omncs
541 1909 622 1959 actus
638 1922 710 1975 qnos
726 1905 816 1960 voluit
833 1903 1019 1960 libentissime
1036 1905 1167 1975 perficere
1183 1904 1208 1958 si
1225 1902 1360 1974 temporis
1376 1901 1516 1973 angrrstiie

428 2010 484 2046 non
502 1993 708 2064 opprimeretur

720 2285 808 2352 Ordo
830 2285 1028 2350 senioritatis
1050 2308 1151 2370 mcrp.

465 2451 506 2504 Mr
524 2449 624 2504 Fallax
825 2447 867 2502 ldr
886 2447 1009 2517 Norgate

465 2538 506 2591 Mr
523 2535 661 2591 Chalenor
824 2536 865 2588 Mr
883 2535 1005 2590 Stanton

464 2627 506 2680 ltlr
525 2624 631 2680 leeche
825 2624 866 2677 Mr
884 2624 942 2677 Cox

465 2716 506 2769 Mr
524 2715 629 2768 Berker
824 2713 866 2767 Mt
884 2713 985 2784 Smyth

465 2803 506 2856 Mr
525 2801 632 2856 Boetho

737 3063 893 3126 Doctores
916 3060 950 3122 in
974 3060 1138 3146 theologia

359 3225 527 3280 Conceditur
544 3230 559 3278 5
578 3225 721 3279 Februarii
740 3224 874 3293 magistro
893 3222 1040 3276 Francisco
1058 3223 1228 3293 Derrington
1243 3227 1273 3277 vt
1289 3223 1416 3278 studium
1435 3227 1451 3276 5
1467 3241 1515 3277 en-

428 3331 528 3368 norum
541 3315 570 3366 in
583 3311 722 3382 theologia
734 3317 798 3382 post
810 3309 927 3381 gredmn
940 3308 1189 3365 hwehalameatus
1202 3311 1231 3364 in
1244 3311 1341 3366 eadem
1351 3316 1513 3381 susceptum

427 3422 492 3458 cum
509 3401 734 3474 opposicionibus
750 3399 979 3472 responsionibus
994 3401 1171 3454 sermonibus
1187 3405 1217 3454 et
1233 3401 1296 3454 aliis
1312 3399 1452 3454 exercitiis
1465 3417 1516 3470 per

427 3498 538 3547 statuta
553 3492 697 3562 requisitis
713 3491 834 3546 sufficiet
850 3491 874 3544 ei
888 3489 923 3543 ed
939 3488 1130 3560 incipiendum
1143 3491 1171 3543 in
1185 3507 1264 3544 sacra
1276 3487 1413 3558 theologis
1452 3487 1514 3541 Pre-

428 3584 558 3636 sentstus
572 3586 599 3635 1⁰
611 3581 690 3635 Junii
703 3598 753 3651 per
764 3579 905 3633 doctorem
922 3577 1055 3631 Hawford

358 3669 463 3724 Eadem
481 3671 573 3741 gratis
590 3670 752 3724 conceditur
770 3673 787 3722 6
803 3668 881 3722 lunii
899 3668 1034 3737 magistro
1051 3667 1094 3721 lo.
1112 3667 1186 3738 Styll
1203 3665 1360 3720 centulli
1380 3666 1514 3736 magistro

429 3758 551 3814 lieberto
564 3759 673 3813 Norton
713 3757 870 3812 Presentsti
884 3774 934 3826 per
945 3755 1087 3811 doctorem
1101 3755 1286 3829 Cha[derton]

356 3847 526 3902 Conceditur
543 3851 578 3902 29
590 3847 698 3918 Aprilis
710 3845 844 3915 magistro
860 3845 968 3918 Thome
981 3845 1088 3900 Wilsou
1102 3846 1207 3900 decano
1219 3845 1333 3900 ecclesie
1346 3843 1515 3898 cathedralis

429 3936 620 4006 vigorniensis
637 3939 668 3988 vt
687 3933 814 3988 studium
835 3938 866 3986 12
883 3952 1021 3988 annorum
1041 3935 1070 3988 iu
1090 3934 1229 4004 theologia
1245 3937 1394 4004 postquam
1413 3934 1516 3987 rexerit

427 4025 456 4078 iu
479 4023 589 4078 artibus
609 4041 674 4077 cum
697 4023 780 4076 vnica
804 4023 985 4092 responsione
1006 4023 1050 4076 vel
1071 4023 1203 4076 concione
1224 4022 1259 4076 sd
1281 4022 1386 4075 clerum
1409 4025 1438 4074 et
1460 4039 1515 4076 vno

427 4130 554 4167 serinoue
565 4110 601 4166 ad
614 4109 749 4181 populum
764 4110 793 4162 in
808 4109 950 4164 academie
967 4111 1073 4180 templo
1089 4111 1211 4164 sufficiat
1227 4109 1252 4163 ci
1269 4109 1305 4164 ad
1323 4108 1514 4180 incipiendum

427 4203 455 4254 iu
469 4218 549 4254 sacra
561 4199 700 4269 theologie
737 4199 920 4253 Presentotus
931 4203 949 4254 6
960 4199 978 4253 J
981 4199 1041 4252 unii
1054 4216 1103 4269 per
1114 4194 1258 4252 doctorem
1271 4196 1431 4252 Chadertou

358 4289 441 4342 hiem.
454 4287 529 4358 quod
546 4287 681 4358 professio
694 4285 840 4340 doctorum
853 4287 979 4340 omnium
992 4286 1047 4340 luit
1060 4285 1157 4340 eadem
1171 4287 1404 4357 paremniacum
1416 4304 1450 4340 ea
1461 4304 1516 4357 que

426 4376 554 4446 superius
566 4375 707 4446 descripto
719 4378 763 4428 est
775 4378 805 4427 et
816 4373 926 4444 prolata
938 4391 988 4445 per
999 4374 1142 4430 doctorem
1156 4374 1313 4445 Whitgyfle
