<?xml version="1.0" encoding="UTF-8"?>
<!DOCTYPE html PUBLIC "-//W3C//DTD XHTML 1.0 Transitional//EN"
    "http://www.w3.org/TR/xhtml1/DTD/xhtml1-transitional.dtd">
<html xmlns="http://www.w3.org/1999/xhtml" xml:lang="en" lang="en">
 <head>
  <title>
</title>
<meta http-equiv="Content-Type" content="text/html;charset=utf-8" />
  <meta name='ocr-system' content='tesseract 3.04.00' />
  <meta name='ocr-capabilities' content='ocr_page ocr_carea ocr_par ocr_line ocrx_word'/>
</head>
<body>
  <div class='ocr_page' id='page_1' title='image "./gracebookgreekl00venngoog_0160.png"; bbox 0 0 3376 5108; ppageno 0'>
   <div class='ocr_carea' id='block_1_1' title="bbox 197 375 911 460">
    <p class='ocr_par' dir='ltr' id='par_1_1' title="bbox 197 375 911 460">
     <span class='ocr_line' id='line_1_1' title="bbox 197 375 911 460; baseline -0.007 -21"><span class='ocrx_word' id='word_1_1' title='bbox 197 375 366 460; x_wconf 80' lang='lat'>1557-58]</span> <span class='ocrx_word' id='word_1_2' title='bbox 637 387 750 436; x_wconf 76' lang='lat' dir='ltr'><strong>csscn</strong></span> <span class='ocrx_word' id='word_1_3' title='bbox 773 388 866 436; x_wconf 75' lang='lat' dir='ltr'><strong>soon</strong></span> <span class='ocrx_word' id='word_1_4' title='bbox 889 387 911 434; x_wconf 81' lang='grc' dir='ltr'><strong>Δ</strong></span> 
     </span>
    </p>
   </div>
   <div class='ocr_carea' id='block_1_2' title="bbox 290 815 1279 905">
    <p class='ocr_par' dir='ltr' id='par_1_2' title="bbox 290 815 1279 905">
     <span class='ocr_line' id='line_1_2' title="bbox 290 815 1279 905; baseline -0.004 -22"><span class='ocrx_word' id='word_1_5' title='bbox 290 819 458 884; x_wconf 84' lang='lat' dir='ltr'>Numerus</span> <span class='ocrx_word' id='word_1_6' title='bbox 480 818 711 905; x_wconf 87' lang='lat' dir='ltr'><strong>magistrorum</strong></span> <span class='ocrx_word' id='word_1_7' title='bbox 734 818 768 882; x_wconf 92' lang='lat' dir='ltr'><strong>in</strong></span> <span class='ocrx_word' id='word_1_8' title='bbox 792 817 920 883; x_wconf 87' lang='lat' dir='ltr'><strong>artibus</strong></span> <span class='ocrx_word' id='word_1_9' title='bbox 942 817 1035 882; x_wconf 84' lang='lat' dir='ltr'><strong>iuxta</strong></span> <span class='ocrx_word' id='word_1_10' title='bbox 1056 815 1279 882; x_wconf 88' lang='lat' dir='ltr'><strong>senioritatem</strong></span> 
     </span>
    </p>
   </div>
   <div class='ocr_carea' id='block_1_3' title="bbox 314 1023 1253 1715">
    <p class='ocr_par' dir='ltr' id='par_1_3' title="bbox 363 1023 1253 1448">
     <span class='ocr_line' id='line_1_3' title="bbox 363 1023 1218 1094; baseline -0.005 -13"><span class='ocrx_word' id='word_1_11' title='bbox 363 1026 474 1081; x_wconf 87' lang='lat' dir='ltr'><strong>¹White</strong></span> <span class='ocrx_word' id='word_1_12' title='bbox 745 1025 884 1079; x_wconf 80' lang='lat' dir='ltr'><strong>Howman</strong></span> <span class='ocrx_word' id='word_1_13' title='bbox 1077 1023 1218 1094; x_wconf 85' lang='lat' dir='ltr'><strong>Tompson</strong></span> 
     </span>
     <span class='ocr_line' id='line_1_4' title="bbox 379 1110 1180 1185; baseline -0.002 -17"><span class='ocrx_word' id='word_1_14' title='bbox 379 1114 495 1168; x_wconf 83' lang='lat' dir='ltr'><strong>Browue</strong></span> <span class='ocrx_word' id='word_1_15' title='bbox 746 1113 857 1185; x_wconf 91' lang='lat' dir='ltr'><strong>Popson</strong></span> <span class='ocrx_word' id='word_1_16' title='bbox 1077 1110 1180 1166; x_wconf 82' lang='lat' dir='ltr'><strong>Warde</strong></span> 
     </span>
     <span class='ocr_line' id='line_1_5' title="bbox 379 1199 1207 1272; baseline -0.004 -15"><span class='ocrx_word' id='word_1_17' title='bbox 379 1202 498 1257; x_wconf 84' lang='lat' dir='ltr'><strong>Gralton</strong></span> <span class='ocrx_word' id='word_1_18' title='bbox 746 1200 878 1272; x_wconf 80' lang='lat' dir='ltr'><strong>Bryssley</strong></span> <span class='ocrx_word' id='word_1_19' title='bbox 1077 1199 1207 1256; x_wconf 82' lang='lat' dir='ltr'><strong>Goldwell</strong></span> 
     </span>
     <span class='ocr_line' id='line_1_6' title="bbox 379 1286 1253 1362; baseline -0.003 -18"><span class='ocrx_word' id='word_1_20' title='bbox 379 1290 481 1362; x_wconf 84' lang='lat' dir='ltr'><strong>Blythe</strong></span> <span class='ocrx_word' id='word_1_21' title='bbox 747 1289 866 1344; x_wconf 89' lang='lat' dir='ltr'><strong>Hudsou</strong></span> <span class='ocrx_word' id='word_1_22' title='bbox 1079 1286 1253 1342; x_wconf 85' lang='lat' dir='ltr'><strong>Sherbrooke</strong></span> 
     </span>
     <span class='ocr_line' id='line_1_7' title="bbox 376 1375 1243 1448; baseline -0.003 -15"><span class='ocrx_word' id='word_1_23' title='bbox 376 1378 498 1433; x_wconf 81' lang='lat' dir='ltr'><strong>Mettsm</strong></span> <span class='ocrx_word' id='word_1_24' title='bbox 744 1377 843 1432; x_wconf 86' lang='lat' dir='ltr'><strong>Barret</strong></span> <span class='ocrx_word' id='word_1_25' title='bbox 1025 1377 1067 1432; x_wconf 79' lang='lat' dir='ltr'><strong>ldr</strong></span> <span class='ocrx_word' id='word_1_26' title='bbox 1080 1375 1243 1448; x_wconf 79' lang='lat' dir='ltr'><strong>Rsymonde</strong></span> 
     </span>
    </p>

    <p class='ocr_par' dir='ltr' id='par_1_4' title="bbox 314 1463 1247 1715">
     <span class='ocr_line' id='line_1_8' title="bbox 314 1463 1192 1521; baseline -0.002 -1"><span class='ocrx_word' id='word_1_27' title='bbox 314 1466 356 1520; x_wconf 63' lang='lat' dir='ltr'><strong>Me</strong></span> <span class='ocrx_word' id='word_1_28' title='bbox 374 1466 559 1521; x_wconf 86' lang='lat' dir='ltr'><strong>Haukehurst</strong></span> <span class='ocrx_word' id='word_1_29' title='bbox 688 1465 730 1520; x_wconf 78' lang='lat' dir='ltr'><strong>llrlr</strong></span> <span class='ocrx_word' id='word_1_30' title='bbox 744 1464 912 1520; x_wconf 85' lang='lat' dir='ltr'><strong>Barnesdale</strong></span> <span class='ocrx_word' id='word_1_31' title='bbox 1078 1463 1192 1519; x_wconf 81' lang='lat' dir='ltr'><strong>Oelusrt</strong></span> 
     </span>
     <span class='ocr_line' id='line_1_9' title="bbox 377 1551 1247 1625; baseline -0.003 -15"><span class='ocrx_word' id='word_1_32' title='bbox 377 1555 471 1611; x_wconf 83' lang='lat' dir='ltr'><strong>Smith</strong></span> <span class='ocrx_word' id='word_1_33' title='bbox 484 1555 601 1625; x_wconf 84' lang='lat' dir='ltr'><strong>(Gunv.)</strong></span> <span class='ocrx_word' id='word_1_34' title='bbox 748 1554 885 1610; x_wconf 80' lang='lat' dir='ltr'><strong>Gardiner</strong></span> <span class='ocrx_word' id='word_1_35' title='bbox 1080 1551 1247 1609; x_wconf 85' lang='lat' dir='ltr'><strong>Londesdall</strong></span> 
     </span>
     <span class='ocr_line' id='line_1_10' title="bbox 379 1641 586 1715; baseline -0.01 -15"><span class='ocrx_word' id='word_1_36' title='bbox 379 1641 480 1700; x_wconf 65' lang='lat' dir='ltr'><strong>clerks</strong></span> <span class='ocrx_word' id='word_1_37' title='bbox 492 1643 586 1715; x_wconf 85' lang='lat' dir='ltr'><strong>(Reg.)</strong></span> 
     </span>
    </p>
   </div>
   <div class='ocr_carea' id='block_1_4' title="bbox 587 2063 986 2128">
    <p class='ocr_par' dir='ltr' id='par_1_5' title="bbox 587 2063 986 2128">
     <span class='ocr_line' id='line_1_11' title="bbox 587 2063 986 2128; baseline -0.003 -1"><span class='ocrx_word' id='word_1_38' title='bbox 587 2063 744 2128; x_wconf 75' lang='lat' dir='ltr'>Doctores</span> <span class='ocrx_word' id='word_1_39' title='bbox 766 2063 799 2127; x_wconf 90' lang='lat' dir='ltr'><strong>in</strong></span> <span class='ocrx_word' id='word_1_40' title='bbox 825 2063 986 2128; x_wconf 85' lang='lat' dir='ltr'><strong>medicina</strong></span> 
     </span>
    </p>
   </div>
   <div class='ocr_carea' id='block_1_5' title="bbox 202 2263 1365 3565">
    <p class='ocr_par' dir='ltr' id='par_1_6' title="bbox 202 2263 1365 2601">
     <span class='ocr_line' id='line_1_12' title="bbox 202 2263 1364 2336; baseline -0.004 -13"><span class='ocrx_word' id='word_1_41' title='bbox 202 2267 373 2323; x_wconf 74' lang='lat' dir='ltr'><strong>Concessum</strong></span> <span class='ocrx_word' id='word_1_42' title='bbox 385 2271 429 2322; x_wconf 88' lang='lat' dir='ltr'><strong>est</strong></span> <span class='ocrx_word' id='word_1_43' title='bbox 440 2267 548 2322; x_wconf 87' lang='lat' dir='ltr'><strong>doctori</strong></span> <span class='ocrx_word' id='word_1_44' title='bbox 561 2266 630 2322; x_wconf 80' lang='lat' dir='ltr'><strong>Gaio</strong></span> <span class='ocrx_word' id='word_1_45' title='bbox 642 2269 674 2320; x_wconf 89' lang='lat' dir='ltr'><strong>vt</strong></span> <span class='ocrx_word' id='word_1_46' title='bbox 686 2266 725 2320; x_wconf 87' lang='lat' dir='ltr'><strong>sit</strong></span> <span class='ocrx_word' id='word_1_47' title='bbox 736 2265 783 2320; x_wconf 91' lang='lat' dir='ltr'><strong>hic</strong></span> <span class='ocrx_word' id='word_1_48' title='bbox 795 2263 870 2336; x_wconf 85' lang='lat' dir='ltr'><strong>opud</strong></span> <span class='ocrx_word' id='word_1_49' title='bbox 883 2281 933 2319; x_wconf 87' lang='lat' dir='ltr'><strong>vos</strong></span> <span class='ocrx_word' id='word_1_50' title='bbox 949 2263 979 2318; x_wconf 90' lang='lat' dir='ltr'><strong>in</strong></span> <span class='ocrx_word' id='word_1_51' title='bbox 991 2263 1108 2319; x_wconf 88' lang='lat' dir='ltr'><strong>eiisdsm</strong></span> <span class='ocrx_word' id='word_1_52' title='bbox 1126 2264 1214 2335; x_wconf 79' lang='lat' dir='ltr'><strong>gradu</strong></span> <span class='ocrx_word' id='word_1_53' title='bbox 1226 2263 1322 2320; x_wconf 85' lang='lat' dir='ltr'><strong>ordine</strong></span> <span class='ocrx_word' id='word_1_54' title='bbox 1335 2268 1364 2319; x_wconf 90' lang='lat' dir='ltr'><strong>et</strong></span> 
     </span>
     <span class='ocr_line' id='line_1_13' title="bbox 275 2351 1365 2428; baseline -0.004 -17"><span class='ocrx_word' id='word_1_55' title='bbox 275 2373 349 2411; x_wconf 85' lang='lat' dir='ltr'><strong>auno</strong></span> <span class='ocrx_word' id='word_1_56' title='bbox 364 2354 468 2428; x_wconf 91' lang='lat' dir='ltr'><strong>quibus</strong></span> <span class='ocrx_word' id='word_1_57' title='bbox 479 2355 536 2410; x_wconf 81' lang='lat' dir='ltr'><strong>fuit</strong></span> <span class='ocrx_word' id='word_1_58' title='bbox 552 2355 581 2410; x_wconf 92' lang='lat' dir='ltr'><strong>in</strong></span> <span class='ocrx_word' id='word_1_59' title='bbox 598 2354 796 2409; x_wconf 75' lang='lat' dir='ltr'><strong>transmarinis</strong></span> <span class='ocrx_word' id='word_1_60' title='bbox 813 2352 942 2426; x_wconf 84' lang='lat' dir='ltr'><strong>partibus</strong></span> <span class='ocrx_word' id='word_1_61' title='bbox 998 2351 1077 2407; x_wconf 92' lang='lat' dir='ltr'><strong>Idem</strong></span> <span class='ocrx_word' id='word_1_62' title='bbox 1090 2357 1201 2408; x_wconf 87' lang='lat' dir='ltr'><strong>creatus</strong></span> <span class='ocrx_word' id='word_1_63' title='bbox 1213 2357 1256 2408; x_wconf 85' lang='lat' dir='ltr'><strong>est</strong></span> <span class='ocrx_word' id='word_1_64' title='bbox 1267 2351 1365 2408; x_wconf 88' lang='lat' dir='ltr'><strong>doctor</strong></span> 
     </span>
     <span class='ocr_line' id='line_1_14' title="bbox 277 2440 1364 2512; baseline -0.002 -14"><span class='ocrx_word' id='word_1_65' title='bbox 277 2445 385 2500; x_wconf 86' lang='lat' dir='ltr'><strong>Patavii</strong></span> <span class='ocrx_word' id='word_1_66' title='bbox 399 2449 445 2500; x_wconf 71' lang='grc' dir='ltr'><strong>13ο</strong></span> <span class='ocrx_word' id='word_1_67' title='bbox 456 2444 525 2499; x_wconf 81' lang='lat' dir='ltr'><strong>Maii</strong></span> <span class='ocrx_word' id='word_1_68' title='bbox 538 2461 613 2499; x_wconf 88' lang='lat' dir='ltr'><strong>anuo</strong></span> <span class='ocrx_word' id='word_1_69' title='bbox 624 2443 731 2498; x_wconf 90' lang='lat' dir='ltr'><strong>domiui</strong></span> <span class='ocrx_word' id='word_1_70' title='bbox 746 2446 812 2497; x_wconf 77' lang='lat'>1541</span> <span class='ocrx_word' id='word_1_71' title='bbox 828 2447 860 2496; x_wconf 89' lang='lat' dir='ltr'><strong>vt</strong></span> <span class='ocrx_word' id='word_1_72' title='bbox 871 2445 956 2512; x_wconf 90' lang='lat' dir='ltr'><strong>prout</strong></span> <span class='ocrx_word' id='word_1_73' title='bbox 967 2440 1063 2496; x_wconf 79' lang='lat' dir='ltr'><strong>literas</strong></span> <span class='ocrx_word' id='word_1_74' title='bbox 1075 2441 1278 2496; x_wconf 70' lang='lat' dir='ltr'><strong>testimoniales</strong></span> <span class='ocrx_word' id='word_1_75' title='bbox 1289 2458 1307 2496; x_wconf 88' lang='lat' dir='ltr'><strong>a</strong></span> <span class='ocrx_word' id='word_1_76' title='bbox 1318 2459 1364 2496; x_wconf 93' lang='lat' dir='ltr'><strong>me</strong></span> 
     </span>
     <span class='ocr_line' id='line_1_15' title="bbox 274 2529 1187 2601; baseline -0.003 -14"><span class='ocrx_word' id='word_1_77' title='bbox 274 2532 361 2588; x_wconf 84' lang='lat' dir='ltr'><strong>lectas</strong></span> <span class='ocrx_word' id='word_1_78' title='bbox 372 2537 402 2589; x_wconf 90' lang='lat' dir='ltr'><strong>et</strong></span> <span class='ocrx_word' id='word_1_79' title='bbox 413 2531 603 2588; x_wconf 85' lang='lat' dir='ltr'><strong>consideratas</strong></span> <span class='ocrx_word' id='word_1_80' title='bbox 645 2530 792 2586; x_wconf 81' lang='lat' dir='ltr'><strong>Mattheus</strong></span> <span class='ocrx_word' id='word_1_81' title='bbox 805 2529 907 2585; x_wconf 78' lang='lat' dir='ltr'><strong>Stolres</strong></span> <span class='ocrx_word' id='word_1_82' title='bbox 919 2530 1046 2584; x_wconf 85' lang='lat' dir='ltr'><strong>notarius</strong></span> <span class='ocrx_word' id='word_1_83' title='bbox 1058 2529 1187 2601; x_wconf 90' lang='lat' dir='ltr'><strong>publicus</strong></span> 
     </span>
    </p>

    <p class='ocr_par' dir='ltr' id='par_1_7' title="bbox 203 2605 1364 2960">
     <span class='ocr_line' id='line_1_16' title="bbox 203 2605 1364 2692; baseline -0.001 -16"><span class='ocrx_word' id='word_1_84' title='bbox 203 2621 375 2676; x_wconf 71' lang='lat' dir='ltr'><strong>Conceditur</strong></span> <span class='ocrx_word' id='word_1_85' title='bbox 388 2622 522 2692; x_wconf 80' lang='lat' dir='ltr'><strong>magistro</strong></span> <span class='ocrx_word' id='word_1_86' title='bbox 539 2620 624 2676; x_wconf 86' lang='lat' dir='ltr'><strong>Oarre</strong></span> <span class='ocrx_word' id='word_1_87' title='bbox 635 2623 668 2674; x_wconf 83' lang='lat' dir='ltr'><strong>vt</strong></span> <span class='ocrx_word' id='word_1_88' title='bbox 684 2624 749 2691; x_wconf 90' lang='lat' dir='ltr'><strong>post</strong></span> <span class='ocrx_word' id='word_1_89' title='bbox 762 2605 892 2674; x_wconf 80' lang='lat' dir='ltr'><strong>&#39;studium</strong></span> <span class='ocrx_word' id='word_1_90' title='bbox 909 2622 925 2675; x_wconf 86' lang='grc'><strong>7</strong></span> <span class='ocrx_word' id='word_1_91' title='bbox 944 2635 1083 2674; x_wconf 87' lang='lat' dir='ltr'><strong>annorum</strong></span> <span class='ocrx_word' id='word_1_92' title='bbox 1100 2619 1131 2673; x_wconf 91' lang='lat' dir='ltr'><strong>in</strong></span> <span class='ocrx_word' id='word_1_93' title='bbox 1147 2618 1285 2674; x_wconf 87' lang='lat' dir='ltr'><strong>medicina</strong></span> <span class='ocrx_word' id='word_1_94' title='bbox 1303 2619 1364 2675; x_wconf 89' lang='lat' dir='ltr'><strong>eius</strong></span> 
     </span>
     <span class='ocr_line' id='line_1_17' title="bbox 274 2708 1364 2782; baseline 0 -18"><span class='ocrx_word' id='word_1_95' title='bbox 274 2709 409 2766; x_wconf 78' lang='lat' dir='ltr'><strong>admissio</strong></span> <span class='ocrx_word' id='word_1_96' title='bbox 426 2715 485 2765; x_wconf 84' lang='lat' dir='ltr'><strong>stet</strong></span> <span class='ocrx_word' id='word_1_97' title='bbox 502 2710 528 2765; x_wconf 93' lang='lat' dir='ltr'><strong>ei</strong></span> <span class='ocrx_word' id='word_1_98' title='bbox 546 2727 597 2782; x_wconf 88' lang='lat' dir='ltr'><strong>pro</strong></span> <span class='ocrx_word' id='word_1_99' title='bbox 615 2709 763 2780; x_wconf 88' lang='lat' dir='ltr'><strong>completis</strong></span> <span class='ocrx_word' id='word_1_100' title='bbox 779 2709 868 2780; x_wconf 84' lang='lat' dir='ltr'><strong>gradu</strong></span> <span class='ocrx_word' id='word_1_101' title='bbox 886 2714 916 2763; x_wconf 91' lang='lat' dir='ltr'><strong>et</strong></span> <span class='ocrx_word' id='word_1_102' title='bbox 932 2708 1023 2763; x_wconf 82' lang='lat' dir='ltr'><strong>forma</strong></span> <span class='ocrx_word' id='word_1_103' title='bbox 1040 2708 1203 2763; x_wconf 81' lang='lat' dir='ltr'><strong>doctoratus</strong></span> <span class='ocrx_word' id='word_1_104' title='bbox 1218 2708 1248 2763; x_wconf 91' lang='lat' dir='ltr'><strong>in</strong></span> <span class='ocrx_word' id='word_1_105' title='bbox 1266 2708 1364 2764; x_wconf 84' lang='lat' dir='ltr'><strong>eadem</strong></span> 
     </span>
     <span class='ocr_line' id='line_1_18' title="bbox 274 2798 1363 2870; baseline 0 -16"><span class='ocrx_word' id='word_1_106' title='bbox 274 2799 408 2856; x_wconf 80' lang='lat' dir='ltr'><strong>facultate</strong></span> <span class='ocrx_word' id='word_1_107' title='bbox 420 2799 460 2854; x_wconf 87' lang='lat' dir='ltr'><strong>sic</strong></span> <span class='ocrx_word' id='word_1_108' title='bbox 473 2805 569 2854; x_wconf 83' lang='lat' dir='ltr'><strong>tamen</strong></span> <span class='ocrx_word' id='word_1_109' title='bbox 581 2803 613 2852; x_wconf 84' lang='lat' dir='ltr'><strong>vt</strong></span> <span class='ocrx_word' id='word_1_110' title='bbox 625 2798 793 2870; x_wconf 87' lang='lat' dir='ltr'><strong>respondeat</strong></span> <span class='ocrx_word' id='word_1_111' title='bbox 805 2808 834 2854; x_wconf 93' lang='lat' dir='ltr'><strong>et</strong></span> <span class='ocrx_word' id='word_1_112' title='bbox 846 2804 971 2870; x_wconf 89' lang='lat' dir='ltr'><strong>opponat</strong></span> <span class='ocrx_word' id='word_1_113' title='bbox 982 2804 1049 2853; x_wconf 87' lang='lat' dir='ltr'><strong>ante</strong></span> <span class='ocrx_word' id='word_1_114' title='bbox 1067 2816 1147 2854; x_wconf 86' lang='lat' dir='ltr'><strong>suam</strong></span> <span class='ocrx_word' id='word_1_115' title='bbox 1164 2798 1363 2854; x_wconf 83' lang='lat' dir='ltr'><strong>admissionem</strong></span> 
     </span>
     <span class='ocr_line' id='line_1_19' title="bbox 274 2885 1330 2960; baseline 0 -18"><span class='ocrx_word' id='word_1_116' title='bbox 274 2887 328 2943; x_wconf 92' lang='lat' dir='ltr'><strong>sub</strong></span> <span class='ocrx_word' id='word_1_117' title='bbox 339 2905 412 2960; x_wconf 90' lang='lat' dir='ltr'><strong>pena</strong></span> <span class='ocrx_word' id='word_1_118' title='bbox 423 2892 545 2958; x_wconf 78' lang='lat' dir='ltr'><strong>quotuor</strong></span> <span class='ocrx_word' id='word_1_119' title='bbox 556 2904 715 2942; x_wconf 89' lang='lat' dir='ltr'><strong>marcarum</strong></span> <span class='ocrx_word' id='word_1_120' title='bbox 727 2886 918 2958; x_wconf 73' lang='lat' dir='ltr'><strong>ponendorum</strong></span> <span class='ocrx_word' id='word_1_121' title='bbox 932 2887 962 2942; x_wconf 91' lang='lat' dir='ltr'><strong>in</strong></span> <span class='ocrx_word' id='word_1_122' title='bbox 975 2885 1106 2942; x_wconf 90' lang='lat' dir='ltr'><strong>manibus</strong></span> <span class='ocrx_word' id='word_1_123' title='bbox 1118 2893 1330 2958; x_wconf 88' lang='lat' dir='ltr'><strong>procuratorum</strong></span> 
     </span>
    </p>

    <p class='ocr_par' dir='ltr' id='par_1_8' title="bbox 204 2974 1364 3136">
     <span class='ocr_line' id='line_1_20' title="bbox 204 2974 1364 3048; baseline 0.001 -16"><span class='ocrx_word' id='word_1_124' title='bbox 204 2977 300 3032; x_wconf 89' lang='lat' dir='ltr'><strong>Placet</strong></span> <span class='ocrx_word' id='word_1_125' title='bbox 311 2977 390 3032; x_wconf 90' lang='lat' dir='ltr'><strong>vobis</strong></span> <span class='ocrx_word' id='word_1_126' title='bbox 402 2981 434 3031; x_wconf 82' lang='lat' dir='ltr'><strong>vt</strong></span> <span class='ocrx_word' id='word_1_127' title='bbox 448 2977 587 3048; x_wconf 88' lang='lat' dir='ltr'><strong>oppositio</strong></span> <span class='ocrx_word' id='word_1_128' title='bbox 603 2976 640 3031; x_wconf 89' lang='lat' dir='ltr'><strong>ad</strong></span> <span class='ocrx_word' id='word_1_129' title='bbox 656 2993 742 3047; x_wconf 86' lang='lat' dir='ltr'><strong>quam</strong></span> <span class='ocrx_word' id='word_1_130' title='bbox 758 2981 871 3032; x_wconf 87' lang='lat' dir='ltr'><strong>tenetur</strong></span> <span class='ocrx_word' id='word_1_131' title='bbox 889 2975 1022 3047; x_wconf 82' lang='lat' dir='ltr'><strong>magister</strong></span> <span class='ocrx_word' id='word_1_132' title='bbox 1039 2974 1123 3030; x_wconf 85' lang='lat' dir='ltr'><strong>Oarre</strong></span> <span class='ocrx_word' id='word_1_133' title='bbox 1139 2977 1248 3032; x_wconf 88' lang='lat' dir='ltr'><strong>ratione</strong></span> <span class='ocrx_word' id='word_1_134' title='bbox 1261 2975 1364 3047; x_wconf 81' lang='lat' dir='ltr'><strong>gradus</strong></span> 
     </span>
     <span class='ocr_line' id='line_1_21' title="bbox 274 3064 1334 3136; baseline -0.001 -16"><span class='ocrx_word' id='word_1_135' title='bbox 274 3065 318 3121; x_wconf 87' lang='lat' dir='ltr'><strong>sui</strong></span> <span class='ocrx_word' id='word_1_136' title='bbox 330 3069 397 3120; x_wconf 88' lang='lat' dir='ltr'><strong>aute</strong></span> <span class='ocrx_word' id='word_1_137' title='bbox 408 3065 469 3120; x_wconf 88' lang='lat' dir='ltr'><strong>eius</strong></span> <span class='ocrx_word' id='word_1_138' title='bbox 481 3064 680 3120; x_wconf 85' lang='lat' dir='ltr'><strong>admissionem</strong></span> <span class='ocrx_word' id='word_1_139' title='bbox 693 3065 782 3136; x_wconf 87' lang='lat' dir='ltr'><strong>possit</strong></span> <span class='ocrx_word' id='word_1_140' title='bbox 794 3064 898 3120; x_wconf 84' lang='lat' dir='ltr'><strong>differri</strong></span> <span class='ocrx_word' id='word_1_141' title='bbox 912 3081 999 3136; x_wconf 84' lang='lat' dir='ltr'><strong>vsque</strong></span> <span class='ocrx_word' id='word_1_142' title='bbox 1010 3065 1040 3119; x_wconf 89' lang='lat' dir='ltr'><strong>in</strong></span> <span class='ocrx_word' id='word_1_143' title='bbox 1053 3065 1197 3120; x_wconf 89' lang='lat' dir='ltr'><strong>commitis</strong></span> <span class='ocrx_word' id='word_1_144' title='bbox 1208 3066 1334 3136; x_wconf 88' lang='lat' dir='ltr'><strong>proxima</strong></span> 
     </span>
    </p>

    <p class='ocr_par' dir='ltr' id='par_1_9' title="bbox 203 3153 1364 3565">
     <span class='ocr_line' id='line_1_22' title="bbox 203 3153 1364 3227; baseline -0.002 -17"><span class='ocrx_word' id='word_1_145' title='bbox 203 3155 350 3227; x_wconf 73' lang='lat' dir='ltr'><strong>supplicat</strong></span> <span class='ocrx_word' id='word_1_146' title='bbox 362 3155 465 3209; x_wconf 88' lang='lat' dir='ltr'><strong>uestris</strong></span> <span class='ocrx_word' id='word_1_147' title='bbox 476 3155 641 3210; x_wconf 89' lang='lat' dir='ltr'><strong>reuerentiis</strong></span> <span class='ocrx_word' id='word_1_148' title='bbox 652 3154 797 3209; x_wconf 79' lang='lat' dir='ltr'><strong>lohannes</strong></span> <span class='ocrx_word' id='word_1_149' title='bbox 810 3153 905 3209; x_wconf 87' lang='lat' dir='ltr'><strong>Herde</strong></span> <span class='ocrx_word' id='word_1_150' title='bbox 917 3153 985 3209; x_wconf 88' lang='lat' dir='ltr'><strong>olim</strong></span> <span class='ocrx_word' id='word_1_151' title='bbox 996 3153 1089 3209; x_wconf 89' lang='lat' dir='ltr'><strong>socius</strong></span> <span class='ocrx_word' id='word_1_152' title='bbox 1101 3154 1207 3225; x_wconf 80' lang='lat' dir='ltr'><strong>collegii</strong></span> <span class='ocrx_word' id='word_1_153' title='bbox 1220 3153 1320 3225; x_wconf 79' lang='lat' dir='ltr'><strong>regalis</strong></span> <span class='ocrx_word' id='word_1_154' title='bbox 1331 3159 1364 3208; x_wconf 83' lang='lat' dir='ltr'><strong>vt</strong></span> 
     </span>
     <span class='ocr_line' id='line_1_23' title="bbox 274 3240 1364 3312; baseline 0 -16"><span class='ocrx_word' id='word_1_155' title='bbox 274 3240 401 3297; x_wconf 90' lang='lat' dir='ltr'><strong>studium</strong></span> <span class='ocrx_word' id='word_1_156' title='bbox 416 3247 448 3296; x_wconf 79' lang='lat'><strong>12</strong></span> <span class='ocrx_word' id='word_1_157' title='bbox 466 3259 605 3297; x_wconf 86' lang='lat' dir='ltr'><strong>annorum</strong></span> <span class='ocrx_word' id='word_1_158' title='bbox 617 3242 647 3296; x_wconf 91' lang='lat' dir='ltr'><strong>iu</strong></span> <span class='ocrx_word' id='word_1_159' title='bbox 664 3241 804 3297; x_wconf 87' lang='lat' dir='ltr'><strong>medicina</strong></span> <span class='ocrx_word' id='word_1_160' title='bbox 819 3247 970 3312; x_wconf 86' lang='lat' dir='ltr'><strong>postquam</strong></span> <span class='ocrx_word' id='word_1_161' title='bbox 987 3242 1132 3296; x_wconf 83' lang='lat' dir='ltr'><strong>recesserit</strong></span> <span class='ocrx_word' id='word_1_162' title='bbox 1147 3242 1185 3297; x_wconf 84' lang='lat' dir='ltr'><strong>ab</strong></span> <span class='ocrx_word' id='word_1_163' title='bbox 1200 3241 1364 3296; x_wconf 81' lang='lat' dir='ltr'><strong>achademia</strong></span> 
     </span>
     <span class='ocr_line' id='line_1_24' title="bbox 274 3329 1363 3402; baseline -0.002 -16"><span class='ocrx_word' id='word_1_164' title='bbox 274 3331 395 3386; x_wconf 87' lang='lat' dir='ltr'><strong>sufficiat</strong></span> <span class='ocrx_word' id='word_1_165' title='bbox 407 3331 432 3386; x_wconf 90' lang='lat' dir='ltr'><strong>si</strong></span> <span class='ocrx_word' id='word_1_166' title='bbox 448 3330 485 3385; x_wconf 88' lang='lat' dir='ltr'><strong>ad</strong></span> <span class='ocrx_word' id='word_1_167' title='bbox 500 3329 693 3402; x_wconf 89' lang='lat' dir='ltr'><strong>incipiendum</strong></span> <span class='ocrx_word' id='word_1_168' title='bbox 705 3331 735 3385; x_wconf 91' lang='lat' dir='ltr'><strong>in</strong></span> <span class='ocrx_word' id='word_1_169' title='bbox 752 3329 850 3386; x_wconf 88' lang='lat' dir='ltr'><strong>eadem</strong></span> <span class='ocrx_word' id='word_1_170' title='bbox 868 3329 1004 3385; x_wconf 81' lang='lat' dir='ltr'><strong>facultate</strong></span> <span class='ocrx_word' id='word_1_171' title='bbox 1019 3329 1060 3385; x_wconf 86' lang='lat' dir='ltr'><strong>sic</strong></span> <span class='ocrx_word' id='word_1_172' title='bbox 1075 3329 1151 3400; x_wconf 91' lang='lat' dir='ltr'><strong>quod</strong></span> <span class='ocrx_word' id='word_1_173' title='bbox 1167 3331 1228 3384; x_wconf 90' lang='lat' dir='ltr'><strong>eius</strong></span> <span class='ocrx_word' id='word_1_174' title='bbox 1242 3329 1363 3385; x_wconf 89' lang='lat' dir='ltr'><strong>eruditio</strong></span> 
     </span>
     <span class='ocr_line' id='line_1_25' title="bbox 274 3415 1362 3491; baseline -0.002 -17"><span class='ocrx_word' id='word_1_175' title='bbox 274 3419 353 3491; x_wconf 85' lang='lat' dir='ltr'><strong>prius</strong></span> <span class='ocrx_word' id='word_1_176' title='bbox 369 3419 545 3474; x_wconf 82' lang='lat' dir='ltr'><strong>examinetur</strong></span> <span class='ocrx_word' id='word_1_177' title='bbox 558 3422 589 3474; x_wconf 91' lang='lat' dir='ltr'><strong>et</strong></span> <span class='ocrx_word' id='word_1_178' title='bbox 605 3417 777 3490; x_wconf 84' lang='lat' dir='ltr'><strong>approbetur</strong></span> <span class='ocrx_word' id='word_1_179' title='bbox 793 3436 811 3472; x_wconf 89' lang='lat' dir='ltr'><strong>a</strong></span> <span class='ocrx_word' id='word_1_180' title='bbox 829 3416 940 3473; x_wconf 89' lang='lat' dir='ltr'><strong>duobus</strong></span> <span class='ocrx_word' id='word_1_181' title='bbox 957 3415 1119 3472; x_wconf 88' lang='lat' dir='ltr'><strong>doctoribus</strong></span> <span class='ocrx_word' id='word_1_182' title='bbox 1134 3415 1259 3472; x_wconf 89' lang='lat' dir='ltr'><strong>eiusdem</strong></span> <span class='ocrx_word' id='word_1_183' title='bbox 1277 3416 1362 3472; x_wconf 82' lang='lat' dir='ltr'><strong>fucul-</strong></span> 
     </span>
     <span class='ocr_line' id='line_1_26' title="bbox 274 3509 344 3565; baseline -0.014 -1"><span class='ocrx_word' id='word_1_184' title='bbox 274 3509 344 3565; x_wconf 80' lang='lat' dir='ltr'><strong>tetis</strong></span> 
     </span>
    </p>
   </div>
   <div class='ocr_carea' id='block_1_6' title="bbox 528 3913 1024 3981">
    <p class='ocr_par' dir='ltr' id='par_1_10' title="bbox 528 3913 1024 3981">
     <span class='ocr_line' id='line_1_27' title="bbox 528 3913 1024 3981; baseline -0.002 -3"><span class='ocrx_word' id='word_1_185' title='bbox 528 3913 759 3980; x_wconf 86' lang='lat' dir='ltr'><strong>Bacchalaurei</strong></span> <span class='ocrx_word' id='word_1_186' title='bbox 783 3915 817 3979; x_wconf 93' lang='lat' dir='ltr'><strong>in</strong></span> <span class='ocrx_word' id='word_1_187' title='bbox 839 3915 911 3981; x_wconf 89' lang='lat' dir='ltr'><strong>iure</strong></span> <span class='ocrx_word' id='word_1_188' title='bbox 934 3913 1024 3978; x_wconf 89' lang='lat' dir='ltr'><strong>ciuili</strong></span> 
     </span>
    </p>
   </div>
   <div class='ocr_carea' id='block_1_7' title="bbox 203 4101 1362 4256">
    <p class='ocr_par' dir='ltr' id='par_1_11' title="bbox 203 4101 1362 4256">
     <span class='ocr_line' id='line_1_28' title="bbox 203 4101 1362 4160; baseline 0 -2"><span class='ocrx_word' id='word_1_189' title='bbox 203 4103 278 4159; x_wconf 86' lang='lat' dir='ltr'><strong>Item</strong></span> <span class='ocrx_word' id='word_1_190' title='bbox 296 4103 429 4160; x_wconf 73' lang='lat' dir='ltr'><strong>samnii</strong></span> <span class='ocrx_word' id='word_1_191' title='bbox 448 4104 610 4160; x_wconf 77' lang='lat' dir='ltr'><strong>conceditur</strong></span> <span class='ocrx_word' id='word_1_192' title='bbox 632 4103 775 4159; x_wconf 80' lang='lat' dir='ltr'><strong>leonardo</strong></span> <span class='ocrx_word' id='word_1_193' title='bbox 798 4102 913 4158; x_wconf 87' lang='lat' dir='ltr'><strong>Howlut</strong></span> <span class='ocrx_word' id='word_1_194' title='bbox 932 4106 966 4157; x_wconf 83' lang='lat' dir='ltr'><strong>vt</strong></span> <span class='ocrx_word' id='word_1_195' title='bbox 986 4101 1114 4158; x_wconf 88' lang='lat' dir='ltr'><strong>studium</strong></span> <span class='ocrx_word' id='word_1_196' title='bbox 1137 4107 1201 4159; x_wconf 89' lang='lat' dir='ltr'><strong>octo</strong></span> <span class='ocrx_word' id='word_1_197' title='bbox 1224 4119 1362 4158; x_wconf 71' lang='lat' dir='ltr'><strong>annonam</strong></span> 
     </span>
     <span class='ocr_line' id='line_1_29' title="bbox 273 4190 1083 4256; baseline -0.002 -9"><span class='ocrx_word' id='word_1_198' title='bbox 273 4193 303 4247; x_wconf 92' lang='lat' dir='ltr'><strong>in</strong></span> <span class='ocrx_word' id='word_1_199' title='bbox 315 4193 374 4249; x_wconf 85' lang='lat' dir='ltr'><strong>iure</strong></span> <span class='ocrx_word' id='word_1_200' title='bbox 386 4192 461 4249; x_wconf 85' lang='lat' dir='ltr'><strong>civili</strong></span> <span class='ocrx_word' id='word_1_201' title='bbox 474 4192 595 4256; x_wconf 86' lang='lat' dir='ltr'><strong>sufficiat</strong></span> <span class='ocrx_word' id='word_1_202' title='bbox 607 4191 633 4248; x_wconf 93' lang='lat' dir='ltr'><strong>ei</strong></span> <span class='ocrx_word' id='word_1_203' title='bbox 645 4191 681 4247; x_wconf 89' lang='lat' dir='ltr'><strong>sd</strong></span> <span class='ocrx_word' id='word_1_204' title='bbox 694 4192 859 4247; x_wconf 88' lang='lat' dir='ltr'><strong>intrandum</strong></span> <span class='ocrx_word' id='word_1_205' title='bbox 871 4191 901 4245; x_wconf 91' lang='lat' dir='ltr'><strong>iu</strong></span> <span class='ocrx_word' id='word_1_206' title='bbox 913 4190 1010 4246; x_wconf 90' lang='lat' dir='ltr'><strong>eodem</strong></span> <span class='ocrx_word' id='word_1_207' title='bbox 1023 4190 1083 4246; x_wconf 89' lang='lat' dir='ltr'><strong>iure</strong></span> 
     </span>
    </p>
   </div>
   <div class='ocr_carea' id='block_1_8' title="bbox 263 4431 1297 4498">
    <p class='ocr_par' dir='ltr' id='par_1_12' title="bbox 263 4431 1297 4498">
     <span class='ocr_line' id='line_1_30' title="bbox 263 4431 1297 4498; baseline 0.002 -16"><span class='ocrx_word' id='word_1_208' title='bbox 263 4431 272 4464; x_wconf 91' lang='lat'>¹</span> <span class='ocrx_word' id='word_1_209' title='bbox 289 4431 374 4483; x_wconf 77' lang='lat' dir='ltr'><strong>These</strong></span> <span class='ocrx_word' id='word_1_210' title='bbox 384 4447 476 4484; x_wconf 86' lang='lat' dir='ltr'><strong>munes</strong></span> <span class='ocrx_word' id='word_1_211' title='bbox 487 4445 530 4483; x_wconf 81' lang='lat' dir='ltr'><strong>are</strong></span> <span class='ocrx_word' id='word_1_212' title='bbox 541 4432 668 4495; x_wconf 73' lang='lat' dir='ltr'><strong>arranged</strong></span> <span class='ocrx_word' id='word_1_213' title='bbox 680 4432 709 4482; x_wconf 90' lang='lat' dir='ltr'><strong>in</strong></span> <span class='ocrx_word' id='word_1_214' title='bbox 720 4447 770 4483; x_wconf 90' lang='lat' dir='ltr'><strong>oue</strong></span> <span class='ocrx_word' id='word_1_215' title='bbox 781 4433 888 4484; x_wconf 86' lang='lat' dir='ltr'><strong>column</strong></span> <span class='ocrx_word' id='word_1_216' title='bbox 900 4433 979 4498; x_wconf 79' lang='lat' dir='ltr'><strong>along</strong></span> <span class='ocrx_word' id='word_1_217' title='bbox 990 4432 1036 4484; x_wconf 89' lang='lat' dir='ltr'><strong>the</strong></span> <span class='ocrx_word' id='word_1_218' title='bbox 1047 4433 1149 4485; x_wconf 88' lang='lat' dir='ltr'><strong>bcttcm</strong></span> <span class='ocrx_word' id='word_1_219' title='bbox 1160 4433 1188 4484; x_wconf 91' lang='lat' dir='ltr'><strong>ol</strong></span> <span class='ocrx_word' id='word_1_220' title='bbox 1198 4433 1216 4483; x_wconf 88' lang='lat' dir='ltr'><strong>l.</strong></span> <span class='ocrx_word' id='word_1_221' title='bbox 1229 4433 1262 4484; x_wconf 81' lang='lat' dir='ltr'><strong>to</strong></span> <span class='ocrx_word' id='word_1_222' title='bbox 1273 4448 1297 4484; x_wconf 83' lang='lat' dir='ltr'><strong>s.</strong></span> 
     </span>
    </p>
   </div>
   <div class='ocr_carea' id='block_1_9' title="bbox 0 0 1694 5108">
    <p class='ocr_par' dir='ltr' id='par_1_13' title="bbox 0 0 1694 5108">
     <span class='ocr_line' id='line_1_31' title="bbox 0 0 1694 5108; baseline 0 0"><span class='ocrx_word' id='word_1_223' title='bbox 0 0 1694 5108; x_wconf 95' lang='lat' dir='ltr'><strong> </strong></span> 
     </span>
    </p>
   </div>
  </div>
 </body>
</html>
