3408 5116
181 346 344 432 1578-79]
613 361 729 410 ossen
751 360 844 409 soon
868 361 890 406 A

579 781 700 846 Docior
721 781 755 844 in
779 779 939 845 medicine

178 965 348 1021 Conoeditur
364 971 399 1021 23
412 967 508 1022 Martii
521 967 656 1038 magistro
669 967 817 1022 Timotheo
831 967 930 1038 Bright
942 971 975 1021 vt
986 965 1112 1020 studium
1126 969 1141 1019 5
1154 979 1291 1018 annorum
1307 960 1337 1014 in

249 1056 387 1111 medicine
404 1062 469 1127 post
484 1056 602 1127 gredum
617 1056 858 1110 beeohsleurietus
874 1057 903 1110 in
915 1055 1011 1110 eedem
1029 1054 1163 1108 facultate
1175 1055 1338 1122 suseeptum

250 1162 314 1198 curn
332 1145 557 1216 opposicionibus
575 1143 804 1215 responsionibus
822 1148 851 1198 et
868 1143 931 1198 eliis
947 1143 1086 1198 exercitiis
1104 1160 1153 1213 per
1171 1145 1281 1196 statute
1297 1157 1337 1194 ro·

250 1225 364 1303 quisibis
382 1233 502 1288 sufficiat
520 1234 545 1288 ei
564 1232 599 1288 ed
619 1232 811 1304 incipiendum
830 1232 859 1287 in
878 1231 975 1287 eedem
994 1230 1133 1286 medicine

646 1605 874 1690 Incorporeius

183 1794 352 1849 Conceditur
370 1800 402 1848 15
420 1795 488 1849 Maii
506 1795 639 1864 magistro
657 1793 780 1848 Roborio
791 1792 879 1848 Jacob
891 1797 924 1847 vi
939 1793 978 1846 sit
994 1793 1069 1864 apud
1088 1811 1137 1848 vos
1153 1793 1251 1848 eodem
1266 1812 1341 1849 enno

254 1883 350 1938 ordino
362 1887 392 1938 ei
403 1884 492 1954 gradu
503 1883 607 1955 quibus
619 1888 663 1938 esi
675 1884 704 1937 in
717 1882 861 1937 needemie
873 1882 1020 1937 Busiliensi

519 2260 748 2326 Buechelaurei
771 2261 805 2324 in
823 2260 899 2347 jure
921 2261 1009 2326 civili

186 2449 356 2506 Conoediiur
373 2454 408 2504 30
426 2449 554 2504 Jenuurii
572 2451 621 2506 W⁰
636 2448 737 2504 Olerke
755 2455 788 2504 vt
805 2450 933 2505 studium
951 2457 967 2505 ὁ
986 2469 1124 2506 annorum
1143 2452 1171 2506 in
1190 2453 1251 2507 iure
1268 2453 1344 2510 civili

256 2558 321 2594 eum
345 2537 573 2609 responsionibus
594 2541 624 2592 eb
646 2537 872 2609 opposicionibus
897 2556 946 2609 per
969 2543 1079 2593 statute
1102 2541 1178 2610 regie
1200 2541 1345 2611 requisitis

256 2628 377 2682 sufficiat
394 2628 419 2680 ei
438 2627 474 2681 sd
493 2627 657 2681 intrandum
675 2627 706 2681 in
723 2627 821 2681 eodem
839 2626 898 2681 iure
917 2627 958 2680 ibe
975 2631 1006 2681 vt
1023 2628 1190 2698 respondere
1207 2631 1297 2700 possit
1314 2631 1344 2684 in

258 2714 358 2770 habitu
375 2714 562 2769 buecheleurii

187 2804 293 2860 Eodem
317 2803 408 2874 gretie
431 2802 594 2857 coneeditur
617 2807 647 2857 3⁰
671 2803 779 2874 Aprilis
804 2803 933 2857 Metthso
959 2802 1114 2874 Scryvonor
1137 2805 1251 2860 domino
1275 2807 1344 2864 Tho.

257 2893 361 2964 Teyior
398 2897 442 2948 16⁰
455 2892 523 2946 Maii
538 2891 613 2946 Edu.
629 2893 729 2946 Huton
764 2895 782 2947 6
799 2893 816 2946 J
819 2892 880 2946 unii
892 2892 973 2950 Geor.
986 2892 1130 2964 Alyngton
1142 2899 1172 2949 eb
1187 2896 1230 2950 Jo.
1245 2897 1346 2952 Tulbot

560 3273 648 3338 Ordo
670 3273 867 3338 senioriteiis
889 3279 1003 3361 omero.¹

367 3463 514 3518 Sorivoner
721 3463 824 3534 Toylor
1036 3419 1171 3537 blingbon

368 3551 469 3607 Clerke
722 3551 820 3605 Huton
1038 3553 1140 3608 Telbob

564 3924 718 3986 Doctores
741 3922 776 3986 in
793 3923 869 4008 jure
892 3922 980 3987 civili

194 4114 365 4170 Conceditur
381 4120 410 4168 6⁰
422 4113 591 4170 Novembris
607 4111 742 4182 magistro
760 4111 852 4166 David
866 4111 935 4166 Yele
946 4111 1122 4168 v‘o'studium
1138 4113 1303 4168 renuerem
1321 4116 1351 4169 in

264 4203 325 4257 iuro
342 4202 417 4258 civili
435 4206 586 4273 postquem
606 4199 708 4254 rexerit
730 4199 759 4253 in
779 4198 889 4254 er‘oibus
906 4217 972 4254 oum
993 4199 1218 4270 opposicionibus
1239 4219 1351 4273 respon-

266 4292 392 4347 sionibus
410 4296 440 4345 et
457 4291 520 4346 eliis
538 4287 677 4343 exercitiis
699 4305 748 4358 per
769 4293 879 4343 statute
900 4288 1044 4360 requisitis
1065 4289 1185 4344 sufficiet
1205 4290 1231 4344 ei
1252 4291 1288 4345 od
1310 4291 1351 4345 in-

265 4378 425 4452 cipiendum
443 4379 474 4434 in
492 4377 588 4432 eodem
603 4377 667 4448 juro

282 4501 307 4544 n.
324 4501 366 4544 iv.
1234 4489 1268 4546 21
