3376 5108
320 362 382 425 126
752 375 866 424 aaron
890 374 981 423 soon
1006 374 1029 421 Δ
1313 353 1478 440 [1557-58

319 529 393 584 Item
408 534 436 584 1⁰
448 528 466 583 J
467 529 518 584 ulii
530 530 693 586 conceditur
704 529 722 584 J
723 529 828 586 ohanni
841 529 939 601 Meyer
951 532 983 584 vt
1001 532 1034 583 12
1050 526 1164 584 termini
1182 527 1213 582 in
1229 525 1334 598 quibus
1346 526 1480 582 lectiones

388 617 544 672 ordinaries
561 615 672 672 audiuit
689 617 756 672 lioet
773 634 830 671 non
848 615 964 671 omnino
981 614 1136 670 seeundum
1154 615 1273 670 formam
1293 614 1396 670 statuti
1414 631 1479 670 oum

387 704 611 776 oppositionibus
623 711 653 760 et
668 705 897 778 responsionibus
913 703 1057 775 requisitis
1073 703 1215 759 sufficiant
1229 703 1255 758 ei
1268 720 1319 774 pro
1333 701 1480 774 eompletis

387 791 475 864 gradu
492 796 522 848 et
538 792 628 849 forma
645 792 893 848 baoebeiaureatns
909 791 939 846 in
955 790 1065 846 artibus
1080 791 1214 863 quoniam
1233 791 1293 846 sine
1310 808 1412 862 magno
1428 808 1480 846 suo

387 881 558 937 detrimento
588 882 744 953 proximam
772 881 1036 936 determinationem
1061 883 1208 951 expectare
1237 897 1293 934 non
1319 883 1412 951 potest
1439 879 1479 935 sio

387 975 483 1026 tamen
508 974 540 1026 vt
563 970 624 1026 eius
644 970 765 1026 eruditio
784 969 962 1026 examinetur
984 979 1014 1024 et
1037 967 1209 1041 approbetur
1232 985 1282 1040 per
1306 968 1479 1040 oppositurus

387 1057 473 1113 huius
491 1057 558 1112 anni
576 1061 606 1112 et
626 1061 684 1112 stet
703 1057 733 1112 in
754 1055 967 1129 quadragesime
986 1057 1083 1112 futura
1106 1062 1136 1110 et
1154 1061 1246 1112 estora
1267 1061 1383 1127 peragat
1400 1055 1480 1112 iuxta

386 1147 506 1203 formam
523 1151 696 1202 statutorum

705 1469 870 1556 [Magistri
894 1471 927 1535 in
951 1470 1092 1555 artibus]

199 1681 220 1740 f.
238 1681 464 1754 toaSuppnoat
491 1681 594 1738 uestris
617 1681 783 1737 reuerentiis
806 1681 938 1738 dominus
962 1682 1065 1754 Blythe
1088 1686 1121 1737 vt
1147 1700 1250 1738 nouem
1273 1683 1388 1738 termini
1413 1685 1479 1753 post

387 1771 499 1826 finalem
517 1771 578 1826 eius
594 1769 858 1826 determinationem
877 1771 1027 1843 inquibus
1045 1772 1179 1828 leotiones
1195 1771 1350 1828 ordinarias
1368 1771 1479 1826 audiuit

386 1859 453 1914 lieet
464 1876 520 1914 non
533 1859 647 1914 omnino
659 1857 814 1914 seeundum
822 1859 941 1914 formam
954 1860 1056 1915 statuti
1070 1877 1134 1914 oum
1147 1858 1239 1915 tribus
1251 1859 1479 1931 responsionibus

386 1947 527 2002 sufficiant
539 1947 613 2003 eiad
625 1945 816 2018 incipiendum
829 1947 859 2002 in
871 1946 981 2002 artibus

317 2035 423 2091 Eadem
446 2035 537 2107 gratia
554 2035 716 2090 oonoeditur
735 2035 770 2090 de
787 2035 872 2091 verbo
891 2037 921 2091 in
939 2035 1056 2092 verbum
1076 2036 1198 2093 dominis
1219 2036 1339 2092 Grafton
1359 2037 1479 2092 Hndson

388 2123 495 2178 Metam
515 2122 669 2178 Bernsdale
688 2122 909 2178 Hewkeshmste
928 2123 1067 2178 Howman

317 2210 465 2282 Supplioat
487 2210 591 2266 uestris
614 2210 781 2266 reuerentiis
807 2209 940 2266 dominus
963 2210 1059 2266 Wbite
1087 2215 1120 2266 vt
1150 2228 1251 2267 novem
1276 2211 1390 2268 termini
1414 2216 1480 2284 post

387 2298 500 2354 finalem
517 2299 579 2354 eius
596 2297 861 2354 determinationem
875 2298 905 2352 in
925 2297 1030 2368 quibus
1045 2299 1179 2353 lectiones
1194 2297 1349 2354 ordinarias
1367 2300 1478 2356 audiuit

386 2388 453 2443 lioet
465 2405 521 2442 non
535 2388 650 2442 omnino
662 2385 817 2442 seeundum
829 2387 947 2442 formam
961 2387 1063 2442 statuti
1077 2405 1141 2442 oum
1149 2386 1241 2442 tribus
1252 2387 1478 2460 responsionibus

387 2475 529 2531 sufficiant
541 2476 567 2530 ei
580 2474 616 2530 ad
629 2473 821 2546 incipiendum
834 2475 865 2529 in
876 2473 987 2531 artibus

317 2565 424 2620 Eadem
440 2565 531 2636 gretia
546 2563 581 2620 de
596 2563 682 2620 verbo
699 2565 729 2619 in
748 2564 865 2620 verbum
883 2563 1045 2620 oonoeditur
1062 2563 1186 2620 dominis
1204 2565 1345 2637 Tompson
1364 2564 1478 2621 Oelusrt

387 2652 480 2708 Smith
498 2657 528 2707 et
547 2651 694 2723 Reymond

317 2741 381 2795 Vna
393 2758 458 2796 oum
470 2739 534 2795 istis
545 2739 753 2811 inceperunti'n
766 2738 880 2811 collegio
889 2739 974 2810 regali
987 2739 1094 2795 domini
1105 2739 1222 2795 Browne
1231 2739 1332 2796 Olarke
1345 2739 1477 2812 Bryseley

388 2830 499 2901 Popson
523 2827 625 2883 Wmde
649 2829 754 2899 quibus
779 2845 834 2883 non
865 2833 926 2883 erat
955 2829 1045 2900 petita
1072 2828 1164 2899 gratia
1191 2846 1282 2899 neque
1305 2827 1477 2900 dispensatio

387 2933 519 2971 oonoessa

318 3007 392 3061 Item
406 3009 440 3060 23
452 3005 533 3060 Iunii
545 3003 708 3060 conceditur
722 3003 836 3060 domino
852 3004 984 3061 Coldwell
996 3010 1028 3060 vt
1045 3023 1146 3061 novem
1162 3005 1276 3060 termini
1288 3009 1352 3077 post
1365 3005 1478 3062 finalem

388 3093 449 3148 eius
472 3091 737 3148 determinationem
760 3092 791 3147 in
811 3093 915 3164 quibus
935 3093 1070 3149 lectiones
1094 3091 1250 3149 ordinarias
1273 3091 1384 3148 audinit
1412 3093 1478 3149 lioet

388 3197 445 3235 non
469 3179 584 3235 omnino
607 3178 762 3234 seeundum
787 3181 905 3235 iormem
926 3181 1028 3236 statuti
1053 3199 1118 3235 oum
1139 3180 1231 3237 tribus
1251 3181 1478 3252 responsionibus

387 3269 528 3325 sufficiant
545 3269 572 3324 ei
589 3268 626 3325 ed
644 3267 835 3340 incipiendum
854 3269 883 3324 in
902 3269 1011 3325 artibus

317 3357 423 3414 Eadem
441 3358 532 3429 gratia
549 3354 585 3412 de
603 3355 689 3412 verbo
706 3357 735 3410 in
755 3356 872 3410 verbum
892 3355 1055 3411 oonoeditnr
1075 3356 1190 3412 domino
1211 3357 1339 3414 Gardner
1362 3364 1389 3414 10
1409 3358 1478 3430 Jnly

389 3449 458 3500 15⁶8

317 3536 391 3591 Item
405 3539 439 3590 23
452 3534 531 3590 Junii
544 3534 707 3590 oonoeditur
718 3534 833 3590 domino
850 3534 1022 3591 Sberebroke
1039 3541 1071 3590 vt
1085 3553 1134 3590 sex
1151 3537 1266 3592 temnini
1282 3541 1347 3609 post
1366 3537 1477 3592 finalem

388 3623 449 3680 eius
471 3621 736 3679 determinationem
761 3624 791 3678 in
812 3621 917 3694 quibus
940 3623 1074 3679 lectiones
1097 3623 1254 3680 ordinaries
1277 3626 1389 3681 audiuit
1412 3625 1478 3680 lieet

389 3729 446 3766 non
466 3711 580 3766 omnino
600 3711 755 3767 seeundum
775 3711 896 3766 formam
917 3713 1019 3766 statuti
1044 3729 1109 3767 oum
1134 3711 1226 3767 tribus
1249 3712 1477 3784 responsionibus

388 3800 529 3855 sufficiant
546 3800 573 3855 ei
592 3799 629 3855 ad
647 3798 840 3871 incipiendum
858 3800 889 3853 in
908 3797 1016 3854 artibus

320 3891 393 3946 Item
408 3894 435 3944 10
446 3887 464 3943 J
466 3888 516 3944 ulii
528 3887 692 3945 oonoeditur
701 3887 816 3943 domino
828 3887 914 3943 Baret
926 3893 957 3942 vt
970 3905 1071 3943 novem
1085 3889 1200 3945 termini
1212 3892 1278 3960 poet
1293 3889 1405 3946 finalem
1417 3891 1477 3946 eius

389 3977 651 4032 determinationem
675 3977 705 4032 in
729 3975 833 4048 quibus
857 3976 990 4032 lectiones
1016 3976 1171 4032 ordinarias
1194 3976 1306 4033 audiuit
1329 3979 1395 4034 lieet
1420 3996 1476 4035 non

389 4065 504 4120 omnino
515 4065 669 4120 secundum
682 4067 801 4121 iorrnam
814 4065 917 4120 statuti
929 4082 994 4119 oum
1009 4062 1120 4120 duabus
1134 4065 1362 4137 responsionibus
1377 4072 1406 4122 et
1422 4083 1478 4122 vna

390 4153 544 4207 variatione
555 4170 631 4206 anno
642 4153 769 4224 proximo
781 4151 911 4207 habenda
922 4157 1036 4223 propter
1047 4155 1233 4209 neeessariam
1249 4154 1309 4209 eius
1320 4153 1477 4210 absentiam

390 4241 531 4296 sufficiant
542 4241 568 4296 ei
580 4240 617 4296 ad
628 4239 821 4313 incipiendum
833 4241 863 4296 in
876 4241 985 4296 artibus
1212 4247 1215 4252 “
