3344 5110
780 333 894 385 osacs
916 333 1008 384 soor
1032 335 1055 384 n
1337 309 1506 404 [rtttssso

801 918 1050 1004 [less-1546]

229 1139 464 1206 tltbGracie
493 1139 561 1205 sive
591 1139 767 1226 petitiones
800 1162 949 1206 concesse
979 1141 1013 1206 in
1043 1141 1140 1228 plena
1170 1140 1420 1227 congregatione
1453 1161 1503 1205 re-

433 1241 583 1328 gentium
615 1252 649 1309 ot
686 1265 751 1309 non
784 1243 995 1330 [regentium]
1027 1266 1046 1308 a
1076 1244 1158 1309 festo
1195 1242 1299 1308 sancti
1336 1241 1504 1308 Michaelis

434 1345 630 1434 Archangeli
665 1370 750 1420 anno
782 1350 866 1414 1545
898 1370 999 1434 vsque
1028 1347 1069 1413 ad
1104 1346 1192 1412 idem
1228 1347 1347 1412 festum
1384 1355 1504 1412 extunc

433 1451 579 1540 proxime
609 1473 748 1538 sequens
786 1451 918 1517 doctore
957 1451 1080 1516 Purher
1111 1460 1145 1516 et
1174 1449 1329 1537 magistro
1359 1449 1503 1515 Madewe

434 1555 704 1622 vicecancellariis
748 1566 783 1646 et
806 1555 971 1642 magistris
995 1555 1167 1622 Edmundo
1190 1555 1297 1643 Cosyn
1316 1566 1350 1622 et
1371 1555 1503 1622 Simone

434 1659 556 1746 Bagott
577 1660 839 1747 procuratoribus

347 1839 453 1894 Omnes
467 1841 557 1910 grstia
573 1840 695 1896 admisse
706 1845 737 1897 et
748 1858 876 1897 concesse
888 1859 938 1913 per
948 1842 1096 1897 dominum
1108 1841 1364 1897 vicecancellarium
1376 1839 1503 1897 doctores

418 1926 493 1998 Glyn
512 1931 542 1981 et
563 1925 676 1998 Busbye
693 1931 723 1982 et
744 1928 893 1999 magistros
912 1927 1095 1998 Botaswayne
1113 1932 1142 1982 et
1163 1926 1292 2000 Helpbye
1309 1927 1419 1999 pomint
1439 1946 1503 1983 con·

416 2030 526 2068 currere
553 2013 582 2068 in
609 2018 732 2085 quatuor
753 2014 1014 2086 congregationibus
1035 2014 1119 2069 istius
1142 2015 1209 2069 anni
1234 2014 1276 2069 ita
1298 2012 1374 2086 quod
1399 2013 1503 2085 singuli

417 2101 517 2156 horum
536 2101 661 2174 quinque
679 2101 851 2158 rnsuimiter
868 2103 1047 2157 consentiant

838 2505 1013 2592 Chirurgia

348 2699 422 2754 Item
439 2696 602 2753 conceditur
617 2696 742 2753 Oliuerio
759 2698 870 2753 Marten
885 2701 918 2753 vt
933 2699 1058 2770 practica
1073 2697 1228 2754 multorum
1244 2715 1383 2753 annorum
1399 2699 1429 2752 in
1445 2696 1503 2752 chi-

418 2787 512 2857 rurgia
528 2790 591 2840 tum
607 2784 653 2840 hic
670 2785 737 2840 olim
753 2783 828 2858 apud
840 2803 891 2841 ros
906 2790 968 2840 tum
982 2785 1069 2841 etiam
1085 2785 1153 2841 aiibi
1170 2785 1292 2841 srrfficiat
1306 2785 1331 2840 ei
1348 2784 1384 2840 sd
1401 2783 1502 2856 practi-

418 2874 540 2929 candum
568 2878 663 2929 vestra
692 2874 865 2929 authoritate
894 2874 924 2930 in
953 2874 1051 2930 eadem
1082 2875 1123 2930 sic
1152 2881 1184 2930 vt
1208 2883 1274 2930 ante
1304 2873 1503 2929 admissionem

416 2961 592 3018 examinetur
607 2965 637 3018 et
652 2961 823 3034 approbetur
838 2979 888 3034 per
904 2961 1032 3017 doctores
1043 2960 1169 3034 Wendye
1183 2966 1213 3017 et
1229 2961 1331 3034 Blythe
1345 2960 1504 3033 habeatque

417 3051 514 3106 literas
534 3067 585 3104 sue
606 3050 786 3121 professionis
806 3051 942 3121 sigillatos
965 3057 1059 3106 vestro
1082 3051 1173 3122 sigillo
1196 3051 1338 3106 communi
1362 3051 1403 3106 sic
1426 3049 1502 3121 quod

418 3137 511 3192 soluat
523 3137 702 3194 uniuersitnti
714 3154 799 3193 vnam
812 3151 935 3193 marcum
948 3138 1057 3209 argenti

706 3539 937 3606 Bacchalaurei
959 3540 993 3606 in
1017 3539 1143 3606 artibus

350 3729 384 3783 In
401 3728 500 3800 primis
516 3727 679 3783 conceditur
694 3726 834 3783 Gulielmo
852 3727 956 3800 Sybley
970 3730 1003 3783 vt
1022 3731 1055 3782 la
1073 3727 1186 3782 termini
1205 3728 1234 3783 in
1251 3727 1354 3800 quibus
1370 3727 1503 3784 lectiones

418 3813 574 3871 ordinarias
589 3813 702 3870 audiuit
720 3832 770 3886 per
791 3815 926 3871 maiorem
943 3815 1099 3886 partemin
1116 3818 1177 3870 toto
1197 3832 1261 3871 cnm
1279 3815 1502 3887 oppositionibus

418 3909 448 3960 et
463 3903 691 3975 responsionibus
707 3903 852 3975 requisitis
870 3903 1012 3960 sufficiant
1023 3905 1049 3958 ei
1067 3903 1104 3958 ad
1120 3901 1345 3974 respondendum
1361 3905 1501 3977 questioni

418 3999 448 4049 et
460 3993 528 4065 quia
540 4009 672 4063 magnum
689 3990 755 4047 inde
766 3992 944 4048 commodum
957 3995 1051 4065 sperat
1067 3992 1140 4064 petit
1152 3995 1184 4046 vt
1198 3991 1259 4048 eius
1275 3991 1409 4048 admissio
1425 3993 1502 4049 sitsi

420 4097 471 4151 pro
485 4078 624 4150 completo
634 4077 724 4149 gradu
740 4077 781 4132 sic
797 4077 872 4150 quod
890 4079 951 4134 eius
968 4077 1089 4134 eruditio
1105 4077 1276 4150 approbetur
1292 4096 1342 4150 per
1354 4082 1502 4152 magistros

420 4169 542 4225 Haddon
558 4173 588 4222 et
600 4166 685 4223 Cane
699 4171 728 4222 et
744 4165 820 4238 quod
836 4170 894 4222 stet
910 4184 975 4222 cum
992 4167 1187 4238 questionistis
1199 4167 1228 4221 in
1245 4167 1372 4239 proxima
1383 4167 1502 4240 quadra·

418 4273 525 4328 gesimo

350 4345 424 4402 ltem
441 4341 602 4400 conceditur
613 4339 719 4397 Jaecbo
730 4339 882 4397 Gressham
894 4345 926 4396 vt
944 4343 977 4396 12
994 4341 1108 4397 termini
1125 4342 1155 4397 in
1167 4341 1271 4414 quibus
1284 4342 1419 4398 lectiones
1430 4342 1503 4399 crdi-
