3400 5126
196 373 360 461 1583-84]
628 393 742 444 oseca
763 391 857 442 econ
880 393 902 440 Δ

556 791 644 859 Ordo
666 791 865 858 senioritctis
886 812 987 876 marg.

406 971 545 1046 Weyland
580 973 697 1028 Festum
710 973 856 1029 Michaelis

406 1060 503 1117 Dueke
539 1061 666 1116 omnium
679 1065 841 1117 sanctolum

407 1146 470 1218 Byll
507 1147 599 1218 prima
610 1144 752 1200 dominica
764 1145 904 1200 adventus

310 1302 313 1307 ³
406 1235 502 1291 White
537 1233 659 1290 secunde
670 1233 811 1289 dominica
823 1238 887 1305 post
899 1233 1003 1288 festum
1017 1233 1162 1312 Michaelis

407 1323 588 1379 Hutchirrson
624 1323 765 1377 dominica
778 1327 845 1378 ente
856 1321 874 1376 J
877 1339 900 1376 o.

406 1412 529 1468 Whitaff
561 1413 693 1482 Septneg.

406 1501 464 1556 Fox
501 1500 611 1555 Purihc.

406 1589 521 1644 Hutton
557 1588 695 1643 circumc.

405 1677 482 1732 Snell
518 1677 609 1748 prima
621 1677 763 1732 dominica
776 1675 878 1743 Quadr.

576 2058 732 2123 Doctores
754 2058 788 2123 in
812 2057 976 2143 theologia

196 2243 365 2301 Conceditur
376 2250 409 2300 21
424 2244 568 2300 Februarii
582 2246 717 2316 magistro
731 2246 849 2300 Ricardo
858 2246 876 2299 J
878 2263 945 2300 ones
957 2250 989 2299 vt
1001 2245 1128 2300 studium
1141 2249 1158 2300 5
1170 2263 1308 2301 annorum
1320 2247 1349 2300 in

266 2333 404 2404 theologia
428 2338 493 2404 post
516 2333 635 2404 gradmn
657 2333 905 2389 hacchelaureatus
929 2333 959 2388 in
983 2331 1080 2388 eadem
1102 2338 1265 2405 srrsceptum
1284 2352 1349 2389 cum

265 2422 491 2494 opposicionibus
507 2423 735 2494 responsionibus
749 2421 924 2478 sermonibus
941 2422 1059 2493 aliisque
1075 2423 1214 2477 exercitiis
1230 2440 1280 2493 per
1293 2429 1350 2476 eta·

265 2515 329 2565 tuta
349 2511 424 2580 regia
443 2510 587 2582 requisitis
606 2509 728 2564 sufficiat
746 2510 772 2564 ei
793 2509 829 2564 ad
851 2509 1042 2581 incipiendum
1064 2510 1093 2563 in
1114 2525 1192 2564 secra
1213 2509 1352 2579 theologie

265 2598 433 2652 Conceditur
445 2603 474 2653 3⁰
485 2598 503 2653 J
506 2599 556 2653 ulii
568 2599 703 2670 magistro
715 2598 834 2668 Georgio
847 2597 941 2653 Slater
952 2605 984 2652 vt
998 2597 1125 2653 studium
1139 2603 1155 2650 t
1168 2614 1304 2652 annorum
1322 2598 1351 2650 in

265 2686 404 2757 theologia
426 2691 492 2758 post
514 2686 632 2758 gradrnn
657 2686 906 2742 bacchelaureatus
930 2688 959 2741 in
983 2686 1080 2741 eadem
1102 2691 1265 2756 susceptum
1287 2703 1351 2740 cum

266 2774 490 2846 opposicionibns
502 2774 730 2846 responsionibus
741 2792 792 2845 per
803 2779 914 2828 statuta
926 2772 1001 2844 regie
1017 2771 1162 2844 requisitis
1174 2778 1280 2827 etcum
1297 2791 1352 2827 vno

266 2881 393 2917 sermone
410 2862 446 2917 ad
463 2863 600 2934 populum
618 2862 740 2917 sufficiat
757 2862 783 2916 ei
801 2861 837 2916 ed
856 2861 1046 2933 incipiendum
1066 2862 1095 2916 in
1114 2879 1193 2916 secra
1212 2861 1352 2932 theologie

267 2951 352 3005 Dedit
370 2949 511 3004 academie
528 2951 578 3004 xls
1140 2967 1144 2974 ’

471 3361 593 3427 Gratim
617 3383 681 3425 non
704 3370 935 3427 concernentes
957 3362 1077 3446 gradus

195 3549 365 3605 Conoeditur
378 3551 412 3603 10
424 3546 554 3603 Octobris
590 3547 684 3616 Quum
697 3553 901 3603 testamentum
918 3565 1022 3603 novum
1038 3565 1128 3619 nuper
1143 3565 1192 3620 per
1206 3549 1352 3603 dominum

268 3637 368 3692 Bezam
381 3635 523 3691 academie
535 3635 672 3692 donatum
688 3640 788 3691 mutuo
805 3635 942 3692 traditum
959 3636 1014 3692 fuit
1031 3637 1264 3692 reuerendissimo
1278 3637 1353 3708 patri

267 3725 380 3782 domino
391 3724 599 3796 archiepiscopo
612 3724 808 3780 cantuariensi
822 3743 910 3796 vsque
922 3726 959 3780 ad
975 3725 1080 3781 festum
1096 3727 1188 3781 saneti
1205 3726 1352 3780 Michaelis

267 3815 323 3868 iam
347 3812 474 3883 elapsum
498 3816 527 3866 et
551 3813 676 3883 prefatus
700 3812 950 3868 reuerendissimus
973 3817 1055 3884 pater
1078 3831 1128 3884 per
1152 3814 1277 3884 ingentia
1301 3831 1353 3867 suc

267 3901 380 3973 negocia
394 3900 468 3956 inira
483 3900 642 3971 predictum
658 3907 771 3973 tempus
784 3919 840 3956 non
853 3903 947 3973 potuit
959 3903 1068 3958 dictum
1080 3902 1184 3957 librum
1198 3901 1353 3957 describere

268 3990 359 4060 placet
380 3987 460 4043 vobis
481 3993 513 4042 vt
537 3988 658 4042 retineat
677 3989 819 4059 prefatum
841 3988 944 4044 librum
966 3989 1020 4044 suh
1041 3989 1250 4045 condicionibus
1270 3995 1354 4044 antea

267 4077 429 4150 prescriptis
441 4093 529 4148 reque
541 4076 577 4131 ad
591 4077 694 4131 festum
708 4077 794 4132 Puece
805 4077 964 4147 proximum
976 4079 1104 4133 futurum
1150 4078 1188 4132 Et
1203 4082 1236 4134 10
1248 4078 1354 4149 Aprilis

267 4185 354 4238 quum
371 4184 476 4222 novum
492 4171 697 4221 testamentum
713 4183 764 4236 per
779 4165 927 4221 dominum
944 4166 1046 4221 Bezam
1062 4165 1204 4221 academie
1216 4166 1353 4222 donatum

267 4260 366 4310 mutuo
384 4255 521 4310 traditum
543 4254 599 4308 fuit
620 4253 852 4309 reuerendiseimo
870 4255 900 4309 in
919 4255 1033 4310 Christo
1051 4255 1125 4326 patri
1143 4272 1176 4309 ae
1194 4255 1307 4310 domino
1325 4255 1351 4310 d.

267 4343 389 4397 Johanni
403 4341 600 4396 Centuarienei
614 4359 701 4412 vsque
713 4341 749 4396 ad
762 4342 867 4398 festum
881 4343 986 4397 Pesche
1004 4343 1162 4414 proximum
1180 4343 1308 4398 loturum
1324 4348 1352 4396 et

267 4431 393 4502 prelatus
408 4430 657 4486 reuerendissimns
671 4430 803 4485 dominus
819 4448 869 4501 per
886 4431 1012 4500 ingentia
1030 4449 1080 4486 eus
1098 4431 1210 4500 negocia
1227 4429 1352 4486 nondum
