3376 5108
180 369 346 455 1560-51]
621 387 735 438 esaon
757 388 851 438 soon
873 391 896 438 a
1033 468 1037 474 Ι
1297 375 1347 441 71·

233 669 401 750 Numerus
417 671 731 741 baccheleureorum
754 676 788 741 iu
812 676 939 744 artibus
962 677 1061 744 huius
1083 679 1161 745 anni
1184 679 1280 746 iuxta

559 817 562 824 ·
642 780 867 848 senioritetem

309 926 410 1000 ¹Qwen
673 929 809 986 Bastar-de
1041 933 1135 1002 lewes

322 1012 438 1085 Bowyer
674 1016 785 1072 Bankes
1041 1019 1141 1076 Certer

276 1100 303 1156 d.
323 1100 428 1156 Webbe
674 1104 841 1176 Dyckensou
1042 1108 1142 1180 Oolyer

319 1189 414 1244 Osrew
674 1191 813 1248 Hatohett
1040 1196 1167 1268 Awdyeu

322 1277 404 1332 Perre
674 1279 767 1349 Degge
1041 1283 1133 1339 Fowie

321 1364 388 1420 Best
672 1367 775 1423 Seman
1040 1371 1157 1444 Olebery

321 1452 528 1526 Wosshyugton
672 1455 799 1513 Weudon
1039 1460 1223 1532 Busshesylde
1290 1519 1293 1528 Δ
1325 1519 1342 1526 ,,

321 1538 433 1596 Worme
673 1542 775 1614 Oatlyn
1043 1545 1132 1601 Jebbe

319 1627 398 1700 Styie
673 1629 831 1703 stsopps
986 1695 987 1700 ἵ
1042 1635 1189 1690 Ketlestou

319 1715 413 1772 Cooke
670 1719 836 1792 Jenkynsou
1039 1722 1114 1792 Fore

283 1805 310 1860 d.
323 1805 461 1878 Asshelay
669 1807 839 1878 Ethrington
1037 1810 1158 1882 Hoilyns

319 1892 436 1963 Ooupar
668 1893 771 1965 Taylor
1035 1895 1140 1968 Jeffrey

389 2031 481 2085 (irene
498 2029 638 2085 admissus
656 2030 692 2085 ed
710 2032 935 2103 respondendum
953 2034 1094 2103 questioni

388 2116 503 2170 recessit
520 2121 587 2170 ante
605 2115 867 2173 determinationem

474 2411 619 2477 Admissi
642 2411 676 2475 in
699 2432 822 2476 annum
846 2420 1038 2498 sequentem

319 2555 432 2630 Gybbes
657 2558 774 2631 Kyrbye
1033 2559 1145 2614 Smerte

319 2646 418 2701 Brome
657 2646 752 2701 Rooke
1032 2646 1181 2702 Acworthe

320 2733 479 2789 Heniorthe
656 2734 760 2790 Welies
1032 2735 1145 2808 Lorkyn

669 2977 844 3064 chirurgia

179 3131 252 3187 Item
270 3131 433 3186 conceditur
450 3131 533 3186 Joani
552 3130 672 3186 Stuarde
689 3137 721 3186 vt
739 3131 866 3186 studium
883 3135 912 3186 et
929 3134 1053 3203 practice
1070 3139 1178 3205 septem
1196 3151 1332 3190 annorum

248 3217 278 3273 in
302 3217 442 3288 chirurgia
466 3217 518 3272 hac
538 3217 568 3271 in
589 3217 773 3273 uniuersitate
791 3223 821 3272 et
840 3217 956 3272 Oxoniis
975 3235 1031 3272 vna
1050 3235 1115 3274 curn
1134 3220 1284 3274 anatomiis
1304 3225 1334 3274 et

248 3303 442 3359 curaoiouibue
454 3321 504 3375 per
515 3305 590 3374 regia
602 3309 712 3359 statuta
724 3305 868 3376 requisitis
879 3304 1021 3360 sufficiant
1032 3305 1058 3360 ei
1074 3305 1110 3360 ad
1123 3305 1333 3377 practicsndum

248 3393 277 3446 in
289 3392 387 3447 eedem
398 3391 533 3447 facultate

178 3483 252 3538 Item
264 3481 426 3537 conceditur
437 3481 528 3537 eidem
541 3485 573 3536 ut
585 3482 688 3537 habent
701 3483 797 3536 litei-ee
810 3481 904 3552 praxis
916 3500 966 3537 sne
982 3482 1118 3553 sigillatas
1133 3482 1224 3552 sigillo
1240 3489 1334 3538 vestro

246 3587 390 3626 commum

604 3739 735 3804 Artium
759 3737 908 3826 megistri
1347 3757 1367 3820 f⁸
1386 3759 1458 3817 291)

176 3915 211 3971 In
224 3914 323 3986 primis
335 3911 498 3968 conceditur
508 3911 623 3967 domino
636 3911 715 3968 Rich.
729 3910 847 3982 Kechyn
861 3916 893 3966 rt
909 3909 1053 3967 ttermini
1069 3917 1134 3983 post
1149 3911 1261 3966 finalem
1273 3913 1333 3967 eius

246 4003 508 4060 determinationem
533 4001 563 4056 in
586 3999 691 4072 quibus
715 4000 847 4056 lectiones
874 4000 1029 4056 ordinaries
1052 4000 1164 4056 audiuit
1187 4001 1253 4056 licet
1276 4019 1332 4056 non

246 4077 361 4147 omnino
372 4088 527 4146 secuudum
539 4089 658 4145 formem
675 4091 777 4145 statuti
789 4107 855 4145 cum
868 4089 1091 4163 oppositionibus
1106 4089 1333 4162 responsionibus

245 4187 275 4234 et
286 4178 538 4236 declamationibus
550 4178 694 4250 requisitis
705 4179 847 4234 sufficient
858 4180 884 4234 ei
896 4178 932 4235 ed
944 4179 1135 4251 incipiendum
1148 4179 1176 4235 in
1189 4179 1298 4235 artibus

173 4267 280 4324 Eodem
292 4267 383 4337 gretia
393 4266 429 4321 de
442 4265 526 4322 verbo
537 4266 568 4320 in
581 4265 872 4340 verbum‘eoneeditur
883 4266 998 4322 domino
1010 4267 1118 4339 Bymhe

247 4422 256 4454 ¹
274 4422 339 4472 This
351 4423 396 4472 list
409 4422 432 4471 ie
445 4423 548 4472 written
561 4421 589 4472 in
601 4437 651 4472 one
662 4423 769 4472 column
782 4423 859 4484 along
871 4423 916 4473 the
928 4423 1028 4474 bottom
1041 4423 1102 4486 edge
1113 4424 1143 4473 ot
1154 4425 1171 4475 i.
1185 4425 1218 4474 2⁸
1230 4425 1252 4476 b.
