3386 5114
190 377 353 461 1569-70]
623 394 736 442 anaor
759 393 852 442 aoon
875 395 897 441 Δ
1280 383 1340 444 241

186 547 355 604 coneeditur
368 552 402 603 10
413 547 431 602 J
433 549 493 603 unii
507 555 539 604 vt
550 549 693 621 responsio
708 566 794 620 quam
811 553 976 620 peracturus
993 553 1037 604 eet
1054 550 1188 621 magister
1203 550 1246 606 Jo.
1267 550 1341 623 Styll

257 635 287 690 in
298 635 434 707 proximis
446 636 570 691 comitiis
582 641 640 691 etet
653 653 703 707 pro
714 635 802 706 gradu
815 640 844 691 et
856 653 941 692 cursu
952 637 1012 692 auia

187 724 357 780 Conceditur
368 727 403 779 ³0
415 723 433 777 J
435 725 494 779 unii
508 729 539 779 vt
558 726 691 796 magister
704 725 861 779 Willelmua
873 725 1010 796 Wyokam
1025 732 1203 798 presentetur
1220 728 1255 782 ad
1275 745 1340 782 oen·

257 813 358 868 tariam
375 818 498 868 vestram
515 813 550 868 da
567 813 703 886 Wynaorn
721 813 846 868 debitam
863 814 1052 870 concionatori
1069 814 1122 870 eub
1140 815 1230 886 sigillo
1247 819 1341 870 vestm

257 919 400 957 commum

187 988 356 1045 Onneeditur
374 993 410 1046 ³0
427 989 444 1044 J
446 991 506 1044 unii
525 996 554 1044 et
572 991 663 1062 primo
681 989 699 1044 J
702 991 751 1046 ulii
768 1007 832 1046 aum
850 990 993 1046 academia
1009 991 1178 1047 conoesserit
1194 991 1341 1063 preleetori

258 1080 385 1134 lectionis
406 1080 559 1150 theologiae
580 1079 693 1136 domina
715 1080 872 1151 Margarete
896 1080 923 1150 vj
932 1080 952 1135 li
977 1080 1049 1150 xiija
1073 1079 1141 1150 iiijd
1165 1083 1194 1134 et
1217 1080 1243 1134 ei
1264 1080 1342 1134 oneri

258 1167 372 1222 ferendo
392 1184 442 1238 per
462 1166 643 1238 quotidianae
664 1168 805 1238 impensae
828 1185 884 1222 non
907 1166 1028 1222 sufficiat
1046 1172 1075 1222 et
1094 1167 1188 1222 omnia
1211 1167 1342 1222 eauellani

257 1255 451 1309 uniuersitatis
470 1271 587 1310 munera
604 1261 635 1309 vt
652 1255 791 1326 papistiaa
808 1271 858 1326 per
874 1254 948 1324 leges
964 1253 1136 1324 abrogentur
1152 1254 1245 1326 planet
1262 1254 1342 1308 vobis

257 1349 290 1396 vt
301 1359 413 1398 annuus
425 1341 552 1398 redditus
564 1342 605 1396 illi
617 1341 688 1396 solvi
700 1347 853 1396 consuetus
864 1341 900 1396 ad
913 1341 1055 1397 academie
1069 1359 1150 1397 veum
1162 1345 1342 1396 eonvertatur

187 1429 357 1486 Coneeditnr
369 1433 384 1488 7
397 1431 467 1485 Julii
481 1435 513 1486 rt
526 1430 656 1484 dominus
670 1431 756 1485 Henr.
772 1429 910 1485 Hawarde
925 1431 1016 1502 possit
1031 1447 1125 1501 regere
1136 1436 1166 1485 et
1179 1448 1235 1485 non
1248 1448 1342 1502 regere

257 1518 293 1573 ad
305 1519 441 1589 placitum
