3408 5116
176 355 343 442 1580-81]
613 372 727 422 onscn
750 371 843 420 soon
865 372 888 419 Δ
1267 355 1328 418 341

177 526 348 582 Oonoeditur
361 529 395 581 16
408 525 571 581 Decembris
583 526 718 596 magistro
730 525 798 580 Tho.
809 525 914 596 Twyne
922 529 954 580 vt
965 523 1093 580 studium
1107 527 1141 578 10
1151 539 1289 579 ennomm
1301 524 1331 578 in

247 613 387 669 medicine
397 631 463 669 cum
475 614 610 669 diuturne
622 613 746 684 practice
757 613 787 666 in
800 613 897 667 eedem
910 615 1060 684 postquem
1072 611 1175 668 rexerit
1184 613 1213 667 in
1222 611 1332 667 artibus

248 701 348 756 Oxonii
360 719 425 758 cum
436 719 493 756 vns
504 701 684 773 responsione
695 701 818 756 sufficiet
830 701 855 755 ei
867 698 904 754 sd
917 699 1108 770 incipiendum
1120 700 1150 754 in
1164 699 1302 755 medicine

176 789 346 846 Conceditur
364 795 396 849 17
414 791 558 846 Februarii
573 792 708 861 magistro
724 790 768 846 Jo.
785 789 898 845 Norden
919 790 948 844 in
967 789 1110 845 academie
1131 788 1281 846 Oxoniensi
1301 790 1330 843 in

246 878 356 934 artibus
367 880 501 950 magistro
514 885 546 934 vt
557 880 596 935 sit
609 880 654 934 hic
666 878 742 950 apud
754 897 804 934 vos
820 880 849 934 in
864 879 980 934 eiisdenr
997 878 1085 949 gredu
1100 878 1197 935 ordine
1211 883 1240 933 et
1256 895 1331 932 euno

178 1007 180 1014 .
246 966 350 1038 quibus
362 969 417 1022 fuit
428 968 458 1022 in
470 968 547 1024 dicte
558 967 702 1022 academia

177 1055 347 1111 Conceditur
360 1062 393 1111 15
406 1057 513 1128 Aprilis
524 1057 601 1112 dicto
614 1058 748 1128 magistro
759 1057 883 1113 Jobenni
900 1057 1013 1112 Norden
1027 1063 1059 1112 vt
1070 1055 1197 1112 studium
1213 1059 1230 1110 8
1246 1071 1331 1110 enno

248 1163 312 1200 rum
324 1147 354 1200 in
366 1146 504 1202 medicine
517 1151 666 1218 postqum
679 1148 781 1202 rexerit
793 1147 823 1202 iu
838 1146 949 1203 ertibus
965 1164 1031 1202 oum
1047 1145 1179 1201 omnibus
1194 1147 1331 1217 responsi·

249 1233 351 1288 onibus
360 1251 410 1305 per
418 1239 529 1290 statuto
537 1236 616 1308 regie
624 1237 768 1306 requisitis
776 1237 898 1291 sufficiet
909 1237 935 1290 ei
947 1235 984 1291 ed
996 1234 1187 1307 incipiendum
1196 1235 1226 1288 in
1234 1233 1331 1288 eedem

177 1321 348 1376 Conceditur
360 1327 392 1379 27
407 1323 475 1378 Maii
489 1324 623 1394 magistro
636 1322 735 1377 Ruben
751 1323 899 1378 Sherwood
912 1329 943 1379 vt
955 1323 1083 1378 studium
1100 1328 1132 1378 12
1148 1340 1285 1378 ennonrm
1302 1323 1331 1376 in

247 1409 386 1464 medicine
398 1415 549 1482 postquem
561 1411 663 1465 rexerit
674 1411 704 1466 in
717 1412 827 1466 ortibus
841 1429 905 1468 curn
918 1413 1000 1467 unice
1016 1411 1198 1483 responsione
1211 1411 1332 1466 sufficiet

247 1499 272 1552 ei
284 1497 321 1553 ed
332 1499 523 1569 incipiendum
536 1500 566 1554 in
578 1499 676 1554 eedem
689 1499 829 1555 medicine

541 1849 627 1916 Ordo
649 1851 846 1916 senioritatis
868 1874 970 1937 marq.

321 2038 355 2093 D.
369 2037 517 2093 Shernood
659 2039 693 2094 D.
708 2038 827 2110 Brodley
1028 2039 1061 2093 D.
1076 2038 1190 2094 Norden

321 2127 355 2182 D.
369 2127 466 2197 Lekyn
622 2147 624 2152 ·
662 2126 695 2182 D.
710 2127 804 2197 Tryne
816 2127 944 2200 [Twyne]
1025 2127 1058 2182 D.
1075 2127 1156 2182 Peers

564 2453 794 2519 Buecheleurei
817 2454 852 2518 in
875 2454 946 2520 iure

181 2636 379 2694 Conceditur?
393 2636 561 2693 Novembris
573 2635 621 2691 W⁰
635 2636 741 2692 Oreeke
757 2641 790 2692 vt
805 2638 932 2694 studium
948 2643 964 2692 t
981 2657 1121 2695 annorum
1137 2641 1167 2695 in
1184 2642 1244 2696 iure
1258 2641 1333 2696 civili

251 2742 316 2780 cum
332 2723 556 2796 oppositionibus
574 2730 604 2779 et
623 2725 851 2797 responsionibus
871 2731 900 2782 et
917 2727 981 2782 eliis
1000 2727 1139 2784 exercitiis
1158 2745 1208 2799 per
1225 2733 1335 2784 statuto

252 2811 395 2881 requisitis
408 2812 530 2867 sufficiet
541 2811 566 2866 ei
579 2810 615 2866 ed
628 2811 793 2868 intruudum
804 2813 834 2868 in
847 2813 943 2870 eodem
956 2814 1017 2870 iure
1029 2815 1071 2870 ite
1082 2820 1115 2871 vt
1126 2816 1294 2886 respondeat
1306 2817 1335 2870 in

252 2898 353 2953 babitu
365 2898 557 2955 becchshurei

182 2989 289 3043 Eadem
306 2989 396 3058 gretie
413 2989 575 3044 conceditur
591 2995 625 3046 27
644 2991 711 3044 Maii
725 2989 773 3044 W⁰
787 2989 908 3045 Gorbold
922 2995 953 3044 et
970 2995 1002 3045 10
1016 2991 1034 3045 J
1037 2992 1096 3046 unii
1111 2992 1179 3047 Tho.
1193 2991 1295 3048 Telbot
1307 2999 1337 3047 et

253 3077 332 3132 Geor.
348 3077 499 3147 Pilkynton

546 3371 633 3436 Ordo
655 3372 853 3437 senioritetis
874 3395 976 3456 mory.

572 3553 678 3606 Greeks
819 3553 921 3607 Telbot

570 3641 689 3697 Corbold
821 3641 974 3712 Pilkyntcn

552 3953 708 4019 Doctores
730 3953 764 4017 in
782 3953 859 4040 jure
881 3954 970 4019 civili
1107 3960 1110 3968 '
1355 3956 1374 4016 s.
1392 3953 1484 4014 133b

186 4143 356 4198 Conceditur
369 4147 403 4198 10
415 4143 544 4199 Octobris
557 4145 691 4214 magistro
704 4143 833 4198 Mattheo
851 4142 974 4214 Sutclyff
982 4149 1015 4198 vt
1026 4142 1153 4199 studium
1172 4148 1187 4202 7
1204 4162 1342 4200 annorum

257 4233 286 4286 in
299 4234 359 4287 iure
371 4233 446 4287 civili
460 4236 609 4304 postquem
623 4232 726 4287 rexerit
738 4233 767 4286 in
780 4232 890 4286 ortibus
908 4250 973 4286 cum
988 4232 1213 4303 opposicionibus
1229 4250 1342 4305 respon·

255 4320 381 4376 sionibus
393 4321 511 4392 aliisque
523 4321 662 4375 exercitiis
675 4338 726 4392 per
736 4327 846 4377 statute
858 4323 1002 4392 requisitis
1013 4322 1135 4380 sufficiet
1149 4323 1174 4376 ei
1191 4322 1226 4376 sd
1245 4323 1341 4393 incipi-

257 4411 362 4465 endum
374 4413 403 4465 in
415 4411 513 4466 eodem
526 4411 586 4464 iure
