3400 5126
173 386 338 472 157Μ9]
604 403 718 453 casca
740 401 833 452 soon
856 403 878 450 o
1264 387 1325 452 ³25

174 558 344 615 Conceditur
367 559 429 631 viij⁰
452 559 521 614 Julii
570 557 643 614 Gum
670 557 786 630 quidam
814 557 1011 629 magistrorum
1038 556 1067 612 in
1094 556 1204 612 artibus
1230 556 1328 629 incipi-

244 646 353 702 entium
371 647 503 702 hesterno
521 647 567 702 die
585 646 706 717 negociis
724 645 783 700 suis
800 645 929 700 distracti
947 645 1101 700 amicorum
1119 644 1281 699 interventu
1298 647 1328 699 et

245 734 437 791 familiaritate
463 736 567 792 retenti
593 739 624 791 et
650 735 786 806 temporis
815 751 983 807 prepropera
1010 733 1192 788 festinacione
1217 731 1328 805 decepti

245 822 331 877 creati
355 828 424 878 sunt
447 823 495 878 sed
517 841 573 879 non
594 824 692 878 eodem
714 823 775 878 loco
795 826 825 878 et
845 821 942 878 ordine
963 839 1020 894 quo
1041 821 1071 876 in
1092 821 1218 892 catalogo
1239 821 1328 893 patris

245 909 377 982 descripti
404 911 520 966 fuerunt
546 911 638 983 placet
661 911 741 966 vobis
765 913 797 965 vt
824 911 854 965 in
883 911 1024 983 integrum
1054 909 1181 965 restituti
1210 909 1329 965 eandem

245 997 436 1053 senioritatem
458 998 560 1071 singuli
583 999 725 1056 retineant
743 1017 830 1071 quem
851 1005 931 1070 peter
949 999 1103 1072 assignavit
1122 1000 1162 1054 sic
1181 1003 1214 1054 vt
1232 1015 1328 1054 eorum

245 1085 360 1141 nomina
375 1086 422 1141 hic
438 1087 591 1158 separatim
608 1087 637 1141 in
654 1090 755 1142 senatu
771 1093 969 1143 recenseantur
982 1087 1133 1159 eodemque
1146 1087 1176 1142 in
1187 1085 1329 1142 academie

244 1174 339 1229 album
356 1173 513 1230 referantur

174 1261 344 1317 Conceditur
355 1265 372 1317 8
384 1263 402 1317 J
405 1262 454 1316 ulii
491 1263 563 1318 (ium
576 1263 710 1333 magister
722 1261 889 1318 Timotheus
901 1263 1108 1334 Whittingham
1121 1263 1217 1336 paucis
1228 1263 1328 1318 diebus
1418 1295 1431 1318 s

245 1353 311 1403 ante
335 1348 450 1403 comitia
474 1349 601 1420 proxima
624 1349 716 1421 patris
740 1351 783 1404 sui
805 1355 895 1406 morte
920 1351 1091 1407 Dunelmum
1115 1350 1209 1406 subito
1232 1369 1328 1407 evoca·

244 1444 293 1493 tus
312 1438 434 1493 comitiis
453 1439 588 1494 interesse
607 1456 663 1494 non
683 1440 807 1510 potuerit
826 1440 919 1511 piacet
936 1441 1017 1496 vobis
1034 1445 1066 1496 vt
1084 1440 1178 1496 dictus
1195 1441 1330 1512 magister

245 1528 454 1598 Whittingham
479 1528 597 1608 sagdam
618 1528 810 1584 senioritatem
831 1534 862 1587 et
881 1530 974 1586 iocum
995 1530 1122 1586 obtineat
1142 1547 1226 1601 quem
1248 1537 1328 1602 pater

245 1617 400 1686 assignavit
417 1621 447 1671 et
464 1616 494 1671 in
513 1617 604 1688 prima
622 1619 837 1690 congregacione
852 1637 908 1691 que
925 1620 980 1676 erit
996 1623 1061 1692 post
1079 1619 1140 1674 eius
1157 1618 1278 1674 reditum
1297 1620 1328 1675 in

246 1704 371 1776 proximo
388 1705 510 1760 termino
527 1705 557 1760 in
574 1705 678 1760 scholis
696 1705 816 1777 publicis
831 1711 941 1764 creetur
