3408 5116
177 358 343 446 1580-81]
612 372 726 423 ossen
748 373 841 421 soon
865 373 887 420 Δ
1267 353 1331 417 343

180 531 263 588 Mem.
277 531 352 603 quod
370 530 496 601 magistri
514 529 653 585 Bendishe
670 533 699 582 et
717 526 832 582 Msscoll
848 543 904 581 non
919 526 1084 596 inceperunt
1096 523 1239 579 solennem
1250 540 1332 578 suom

250 619 399 675 lectionem
418 619 485 690 quis
503 618 636 675 dominus
657 615 890 688 proceneellerius
909 631 993 684 super
1014 613 1152 684 peticione
1171 617 1200 668 et
1219 611 1333 682 querele

249 708 426 778 quorundam
438 708 585 764 doctorum
597 706 627 760 in
640 705 688 760 ille
700 703 835 760 lmultote
846 701 1033 757 iudicantium
1045 700 1157 756 eodem
1169 700 1264 755 minus
1275 699 1332 754 sul-

250 797 375 852 fioientes
391 795 514 852 decrevit
530 803 562 850 vt
578 795 649 850 olter
664 809 761 848 eorum
779 791 991 847 concionaretur
1007 789 1042 844 ed
1061 788 1166 844 clerum
1182 789 1273 859 primo
1287 787 1333 842 dio

251 885 370 940 Veneris
386 882 525 939 adventus
541 887 571 938 et
586 883 660 937 ulter
674 879 806 936 similiter
820 879 911 950 primo
925 878 971 932 die
982 877 1193 948 quadragesimo
1208 877 1334 948 proxime

250 974 345 1029 future
356 980 386 1029 et
397 974 422 1028 si
434 978 503 1028 tunc
515 990 565 1044 per
576 971 716 1043 predictos
728 970 856 1025 doctores
867 967 1089 1040 approbarentur
1100 970 1169 1021 tunc
1181 965 1334 1020 solenniter

250 1067 279 1117 et
291 1063 370 1118 iuxta
382 1066 524 1118 stetuturn
537 1062 692 1131 inciperent
703 1065 749 1114 etc

494 1532 650 1598 Doctores
671 1532 706 1596 in
730 1531 843 1598 eedem
866 1530 1022 1597 facultate

180 1721 349 1777 Conceditur
370 1726 399 1777 7⁰
418 1719 587 1776 Novembris
607 1721 742 1790 magistro
764 1719 884 1774 Riccrdc
904 1720 1033 1774 Fletcher
1051 1724 1084 1774 vt
1101 1720 1229 1776 studium
1249 1725 1266 1774 b
1286 1737 1334 1776 an-

250 1825 351 1864 norum
362 1811 392 1864 in
404 1809 544 1880 theologie
555 1812 619 1879 post
631 1808 748 1878 modum
761 1807 1008 1862 becchaleureotus
1021 1807 1050 1861 in
1062 1807 1160 1862 eedem
1173 1813 1335 1880 susceptum

251 1915 308 1952 vno
322 1914 388 1952 cum
405 1895 631 1968 opposicionibus
649 1895 876 1968 responsionibus
893 1896 1070 1951 sermonibus
1087 1897 1242 1967 ceterisque
1259 1915 1334 1952 exer-

250 1986 326 2040 citiis
351 2003 401 2056 per
427 1989 536 2040 statuto
562 1985 706 2055 requisitis
733 1985 853 2040 sufficiet
877 1985 901 2039 ei
926 1984 962 2039 ed
987 1984 1178 2057 incipiendum
1202 1987 1232 2040 in
1256 2003 1336 2041 secra

251 2073 390 2144 theologie

181 2163 287 2219 Eodem
296 2163 387 2234 gretie
394 2161 557 2217 conceditur
566 2167 582 2216 2
590 2160 753 2217 Decembris
760 2162 894 2232 magistro
904 2161 1022 2232 Degorio
1032 2161 1129 2216 Nicols
1165 2165 1198 2220 27
1207 2162 1225 2218 J
1226 2164 1335 2218 onusrii

251 2253 385 2322 magistro
398 2250 547 2322 deulpho
558 2250 645 2305 lones
657 2255 687 2304 et
701 2254 733 2304 12
745 2250 824 2304 Junii
837 2251 971 2322 magistro
984 2249 1106 2305 Roberto
1119 2251 1226 2322 Ncrgst

543 2746 631 2813 Ordo
653 2747 851 2814 senioritetis
872 2769 974 2833 marg.

464 2935 498 2990 D.
511 2934 608 2990 Nicols
877 2936 911 2992 D.
926 2935 1055 2991 Fletcher

463 3025 496 3080 D.
512 3024 619 3096 Norget
876 3025 910 3080 D.
924 3024 1011 3080 Jones

414 3511 537 3576 Gratiae
559 3531 626 3574 non
648 3519 880 3576 concernentes
902 3511 1023 3599 gradus
1046 3521 1098 3577 etc

184 3701 353 3756 Conceditur
370 3705 404 3755 10
416 3699 547 3755 Octobris
558 3705 591 3755 vt
607 3701 741 3771 magister
753 3698 852 3771 Abbys
869 3701 899 3754 in
915 3699 1025 3757 artibus
1041 3701 1168 3773 inceptor
1181 3701 1282 3757 absens
1294 3701 1339 3757 die

253 3789 432 3844 comitiorum
449 3794 563 3860 propter
579 3807 681 3859 megns
697 3807 750 3844 sue
765 3789 879 3860 negocia
895 3790 986 3860 possit
1001 3789 1135 3845 hodierno
1149 3791 1195 3845 die
1209 3792 1296 3846 creari
1310 3796 1340 3846 et

254 3877 371 3933 eandem
386 3877 512 3933 obtinere
526 3880 719 3934 senioritotem
731 3896 817 3949 quem
829 3879 855 3933 ei
867 3878 999 3934 dominns
1011 3885 1175 3952 procurator
1185 3881 1340 3952 assignavit

255 3968 295 4022 ite
307 3970 339 4021 vt
351 3966 436 4021 solvit
447 3965 588 4022 eoedemie
600 3967 650 4039 vjs
662 3966 740 4038 viijd

184 4053 354 4110 Conceditur
370 4056 387 4108 9
404 4052 566 4109 Decembris
578 4061 611 4110 vt
626 4054 750 4126 sigillum
762 4073 837 4110 nunc
849 4055 977 4110 oblatum
992 4073 1042 4127 per
1058 4055 1219 4110 Mattheum
1236 4056 1340 4129 Stokys

257 4141 395 4198 bedsllum
413 4143 501 4197 veteri
521 4143 610 4212 magis
627 4143 736 4214 insigne
753 4147 848 4198 vostre
866 4143 1036 4198 auctoritate
1054 4144 1225 4215 approbetur
1242 4151 1272 4198 et
1289 4161 1340 4215 pro

256 4231 398 4286 communi
413 4231 503 4302 sigillo
515 4232 710 4286 vniuersitotis
721 4231 859 4287 hebestur
870 4232 911 4286 sic
924 4237 955 4286 vt
967 4232 1098 4304 deinceps
1109 4233 1219 4303 singula
1231 4232 1341 4304 publice

256 4318 398 4374 academie
418 4319 532 4374 nomine
552 4319 727 4390 obsignande
747 4320 799 4375 hoc
820 4320 911 4391 sigillo
931 4321 990 4376 solo
1011 4320 1193 4392 obsignentur
1211 4328 1241 4376 et
1261 4327 1341 4375 vetus

256 4424 405 4463 commune
422 4407 546 4477 sigillum
564 4407 734 4464 concelletur
