3422 5116
357 313 399 374 40
791 326 904 375 nenos
927 327 1019 376 noos
1043 329 1064 374 n
1348 308 1512 396 [1546-47

358 481 433 537 Item
449 481 612 537 ooneeditur
628 483 722 537 Blasio
739 483 831 537 Seiter
847 489 879 537 vt
894 482 990 538 deoem
1006 483 1120 538 termini
1137 500 1202 537 cum
1216 499 1249 537 eo
1265 483 1295 536 in
1311 498 1367 552 quo
1384 480 1513 535 dstemri-

429 574 548 625 naturus
560 576 604 625 est
619 588 685 625 oum
696 569 920 642 oppositionibus
932 576 962 627 et
978 570 1205 643 responsionibus
1216 569 1360 640 requisitis
1373 568 1514 624 sufficient

430 660 454 713 ei
468 659 503 714 sd
515 658 738 730 respondendum
751 661 891 730 questioni
927 660 973 716 Sic
989 664 1021 715 vt
1036 658 1191 731 approbate
1208 659 1269 712 eius
1287 658 1445 733 enidioione
1465 674 1515 728 per

431 748 579 818 magistros
600 748 721 804 Hsddon
742 755 772 804 et
793 749 999 804 Christeferson
1018 749 1094 805 iilius
1114 748 1247 803 admissio
1265 747 1304 802 sit
1321 748 1346 802 ei
1368 765 1419 818 pro
1439 763 1513 800 oom-

430 836 514 908 pletis
531 835 620 906 gredu
636 842 665 892 et
680 838 770 892 forms
787 837 921 908 quonism
939 837 1066 909 proxime.
1083 835 1227 890 commitis
1244 834 1305 889 sine
1323 835 1445 889 maximo
1463 851 1514 888 suo

431 923 576 994 dispendio
594 927 739 995 expectere
757 941 812 978 non
830 928 925 995 potest

361 1012 435 1066 Item
452 1012 615 1068 oonoeditur
631 1012 735 1068 Joenni
754 1012 1004 1084 Orphynstrsunge
1022 1018 1054 1068 vt
1072 1017 1088 1068 8
1106 1013 1220 1068 termini
1238 1018 1303 1082 post
1323 1011 1435 1066 finalem
1453 1011 1514 1064 eius

430 1095 692 1152 determinationem
708 1098 738 1151 in
754 1096 858 1167 quibus
875 1096 1008 1152 lectiones
1024 1095 1179 1151 ordinaries
1193 1094 1304 1150 audiuit
1315 1112 1365 1166 per
1379 1094 1513 1150 maiorem

429 1189 539 1256 portem
558 1185 586 1240 in
605 1189 666 1241 tote
684 1203 748 1240 oum
764 1185 989 1258 oppositionibus
1006 1189 1036 1240 et
1054 1183 1280 1256 responsionibus
1296 1183 1440 1254 requisitis
1456 1182 1513 1236 sui-

428 1273 524 1328 fieisnt
542 1274 568 1328 ei
586 1273 622 1328 sd
640 1272 865 1345 respondendum
883 1273 1025 1344 questioni

359 1359 433 1416 Item
449 1361 611 1416 oonoeditur
628 1361 764 1416 Edwsrdo
782 1362 878 1417 Reveu
890 1367 922 1416 vt
933 1361 1080 1418 duodecim
1095 1362 1209 1417 termini
1220 1361 1352 1433 oompleti
1368 1361 1398 1415 in
1410 1359 1514 1431 quibus

428 1449 560 1504 lectiones
581 1449 734 1506 ordinaries
758 1467 808 1522 per
831 1451 964 1505 maiorem
987 1455 1096 1520 partem
1118 1449 1147 1504 in
1166 1452 1228 1504 toto
1246 1449 1357 1505 sudiuit
1377 1466 1431 1503 vus
1449 1465 1513 1502 oum

428 1533 651 1606 oppositionibus
674 1553 707 1590 eo
730 1534 956 1607 responsionibus
977 1535 1121 1606 requisitis
1140 1535 1281 1590 suffioisnt
1301 1534 1381 1590 eisd
1402 1551 1514 1605 respon-

428 1621 552 1678 dendum
570 1623 709 1694 questioni

358 1709 464 1766 Eadem
485 1711 575 1781 grstis
595 1711 632 1766 de
651 1711 736 1767 verbo
757 1713 786 1767 in
807 1712 925 1768 verbum
949 1712 1111 1768 concreditur
1135 1712 1257 1769 Henrioo
1279 1713 1387 1768 Berleio
1410 1713 1513 1768 Josnni

429 1797 624 1869 Pylkyngtono
642 1798 759 1869 Georgio
777 1799 867 1871 Boyes
885 1799 988 1855 Josnni
1008 1799 1171 1856 Meulhsmo
1188 1804 1217 1855 et
1235 1799 1338 1854 Joenni
1358 1800 1448 1872 Pepys

358 1883 431 1938 Item
445 1883 606 1940 eonceditur
615 1884 741 1940 Gilberto
755 1885 886 1957 Lengleio
898 1892 929 1940 vt
944 1891 974 1940 II
990 1887 1104 1942 termini
1116 1904 1180 1942 oum
1193 1904 1226 1942 eo
1238 1887 1268 1941 in
1280 1903 1336 1958 quo
1347 1886 1514 1942 determine-

427 1978 509 2028 turus
525 1977 569 2028 est
585 1974 615 2028 in
631 1973 735 2045 quibus
750 1975 884 2030 lectiones
901 1975 1055 2031 ordinaries
1072 1993 1121 2048 per
1138 1977 1271 2032 maiorem
1286 1980 1394 2048 purtem
1408 1975 1438 2029 in
1453 1979 1515 2030 toto

426 2061 538 2118 eudiuit
552 2080 616 2119 oum
634 2063 859 2136 oppositionibus
876 2083 909 2120 so
926 2065 1153 2137 responsionibus
1170 2065 1313 2136 requisitis
1331 2064 1471 2120 sufficient
1488 2065 1513 2118 ei

427 2151 463 2206 sd
479 2151 704 2223 respondendnm
721 2153 862 2224 questioni

358 2239 463 2296 Eodem
476 2240 566 2312 gretie
577 2240 613 2296 de
624 2241 708 2297 verbo
720 2243 750 2296 in
762 2242 879 2298 verbum
891 2244 1054 2300 eoneeditur
1065 2243 1173 2299 Thome
1184 2243 1318 2316 Wyisono

357 2420 432 2475 Item
449 2420 612 2476 ooneeditnr
628 2421 751 2477 Roberto
767 2422 871 2478 Menke
887 2426 920 2477 vt
934 2423 1062 2480 undecim
1080 2425 1194 2480 termini
1212 2424 1345 2496 completi
1363 2423 1392 2478 in
1410 2424 1514 2496 quibus

427 2508 559 2563 lectiones
572 2508 726 2564 ordiueriss
741 2509 853 2565 eudiuit
865 2527 915 2581 per
930 2510 1063 2566 maiorem
1079 2515 1188 2582 purtem
1203 2510 1270 2566 liost
1286 2528 1341 2565 non
1358 2510 1513 2566 seeundum

426 2595 546 2651 formem
562 2597 663 2652 statuti
682 2614 747 2652 oum
766 2596 990 2669 oppositionibus
1006 2600 1036 2652 et
1051 2597 1279 2670 responsionibus
1294 2598 1438 2668 requisitis
1455 2597 1512 2652 suiÎ‡

428 2684 524 2738 ficiunt
542 2685 567 2739 ei
585 2684 622 2739 ed
641 2684 866 2756 respondendum
884 2685 1025 2756 questioni

357 2770 462 2826 Eadem
475 2771 565 2841 grstia
577 2772 612 2826 de
624 2770 708 2826 verbo
721 2773 750 2826 in
763 2770 880 2828 verbum
892 2772 1054 2828 concreditur
1066 2773 1192 2828 Antonio
1206 2772 1315 2827 Mohsw

359 2859 432 2914 Item
448 2857 611 2913 oonosditur
626 2857 729 2913 Josnni
742 2859 820 2914 Seite
836 2864 869 2914 vt
886 2864 919 2914 12
936 2861 1048 2916 termini
1066 2860 1196 2931 completi
1214 2860 1245 2914 in
1261 2861 1364 2932 quibus
1380 2861 1513 2916 lectiones

427 2945 582 3000 ordinaries
599 2944 711 3001 sudiuit
727 2965 777 3019 per
795 2949 927 3004 meiorsm
947 2953 1056 3020 purtem
1076 2949 1106 3002 in
1125 2953 1186 3003 toto
1204 2965 1268 3003 oum
1286 2949 1512 3020 oppositionibus

428 3040 458 3088 et
473 3035 701 3106 responsionibus
720 3035 863 3106 requisitis
880 3037 1021 3092 sufficient
1037 3037 1063 3092 ei
1079 3035 1115 3091 ud
1131 3035 1355 3107 respondendum
1372 3037 1512 3109 questioni

360 3122 465 3177 iisdem
479 3123 570 3192 gretie
587 3122 623 3177 de
634 3123 719 3178 verbo
735 3123 765 3178 in
781 3123 896 3179 verbum
910 3123 1072 3180 conceditur
1084 3123 1223 3180 willelmo
1235 3125 1309 3180 Sone
1320 3130 1350 3180 et
1362 3125 1513 3182 Laurentio

431 3209 495 3281 Hey

359 3299 433 3355 Item
445 3297 606 3353 oenoeditur
618 3297 790 3354 christoforo
802 3300 921 3355 Tstsmo
933 3307 965 3356 vt
980 3305 1011 3357 ll
1026 3301 1140 3356 termini
1153 3318 1217 3356 enm
1229 3319 1262 3357 eo
1274 3302 1303 3356 in
1316 3319 1372 3373 quo
1383 3301 1513 3356 determi-

429 3391 549 3442 neturus
557 3391 601 3440 est
613 3387 642 3442 in
655 3387 759 3458 quibus
770 3388 905 3443 lectiones
913 3389 1069 3445 ordinatiss
1077 3388 1189 3444 eudimt
1200 3407 1250 3460 per
1260 3390 1392 3446 maiorem
1404 3395 1514 3462 pentem

428 3476 458 3530 in
476 3479 538 3530 toto
555 3491 620 3530 oum
636 3476 860 3547 oppositionibus
876 3481 906 3532 st
921 3476 1150 3548 responsionibus
1168 3478 1311 3550 requisitis
1329 3478 1470 3533 sufficient
1488 3477 1513 3532 ei

429 3564 466 3620 sd
484 3563 708 3636 respondendum
727 3567 867 3637 questioni

361 3653 435 3710 Item
456 3652 618 3709 oonoeditur
634 3655 795 3710 Alexandro
815 3655 947 3727 Heryson
967 3659 999 3710 vt
1021 3661 1054 3710 12
1076 3655 1189 3711 termini
1210 3655 1342 3727 completi
1362 3655 1515 3727 inquibus

430 3741 563 3796 lectiones
582 3741 737 3798 ordinaries
758 3744 869 3799 audiuit
890 3761 939 3814 per
960 3745 1094 3800 maiorum
1115 3749 1224 3816 purtem
1243 3744 1308 3798 lioet
1325 3762 1382 3799 non
1400 3745 1515 3798 omnino

431 3829 584 3884 secundum
594 3830 713 3885 formem
722 3833 825 3887 stetuti
837 3849 902 3887 cum
914 3831 1007 3887 tribus
1018 3832 1242 3904 oppositionibus
1251 3836 1281 3886 et
1289 3831 1515 3904 responsionibus

431 3918 575 3990 requisitis
586 3919 728 3974 sufficient
739 3922 765 3974 ei
778 3920 813 3975 sd
826 3921 1050 3993 respondendum
1063 3922 1204 3993 questioni

362 4006 601 4062 Determinetores
616 4008 724 4078 oollegii
742 4009 852 4080 Regalis
869 4009 921 4065 hon
932 4027 1007 4066 suno
1019 4010 1123 4082 quibus
1139 4027 1230 4081 neque
1246 4011 1336 4082 petits
1351 4027 1441 4081 neque
1453 4028 1515 4065 onii-

432 4112 510 4150 eesss
529 4095 585 4149 fuit
605 4097 696 4165 gretie
716 4095 752 4151 sb
773 4099 958 4154 uniuersiists
982 4103 1051 4154 sunt
1074 4099 1114 4153 hii
1138 4097 1245 4153 domini
1271 4099 1379 4170 Boyton
1401 4099 1515 4170 Wylson

432 4181 575 4238 Gmdener
592 4182 659 4238 Coie
676 4189 706 4238 et
724 4184 894 4258 Broklesbye
1434 4179 1437 4184 â´
