3376 5108
197 351 362 439 1552—53]
634 361 748 414 casce
771 365 864 415 coca
886 363 909 414 Δ

627 921 749 987 Doctor
771 919 934 1007 theologie

200 1107 273 1162 Item
285 1107 448 1164 conceditur
460 1108 593 1179 magistro
606 1107 703 1179 Yonge
715 1113 748 1162 vt
756 1107 884 1163 studium
893 1113 1016 1180 quatuor
1027 1125 1166 1164 annorum
1178 1108 1208 1163 in
1221 1107 1359 1178 theologia

269 1201 334 1266 post
342 1195 459 1266 gradum
469 1195 719 1251 bacchalaureatus
729 1201 891 1268 susceptum
901 1197 930 1250 in
940 1196 1035 1252 eadem
1046 1214 1102 1252 vna
1109 1214 1173 1252 cum
1183 1195 1359 1252 sermonibus

270 1285 494 1357 oppositionibus
517 1284 745 1356 responsionibus
768 1293 798 1340 et
823 1286 886 1340 aliis
911 1286 1050 1342 exercitiis
1075 1303 1125 1357 per
1152 1286 1227 1356 regia
1249 1288 1360 1340 statuta

271 1372 414 1442 requisitis
425 1371 567 1427 sufficiant
579 1372 604 1426 ei
617 1371 653 1427 ad
666 1371 857 1442 incipiendum
869 1372 899 1426 ln
911 1389 990 1428 sacra
1001 1372 1140 1443 theologia
1176 1373 1214 1427 Et
1226 1373 1359 1443 quoniam

270 1461 417 1516 mcueabat
428 1461 569 1533 sisecipere
582 1461 777 1532 juramentum
794 1461 824 1515 in
840 1461 886 1516 die
898 1462 1106 1517 commitiorum
1125 1479 1190 1517 cum
1206 1462 1270 1516 aliis
1286 1479 1359 1516 com·

270 1549 478 1604 mensatcribns
489 1567 546 1604 non
558 1557 603 1604 est
614 1553 725 1604 creatus
737 1549 790 1604 hoc
802 1566 877 1604 anno

201 1636 276 1691 item
287 1635 449 1692 conceditur
467 1635 558 1691 sidem
570 1654 645 1691 nunc
664 1636 888 1691 vicecancellario
900 1640 932 1691 vt
946 1637 1008 1692 eius
1024 1635 1159 1692 admissio
1174 1637 1205 1691 in
1217 1635 1359 1691 doctorem
1373 1620 1403 1668 ¹¹
1416 1618 1473 1668 ⁰⁰⁸·

271 1725 410 1795 theologie
427 1729 486 1780 stet
504 1727 529 1780 ei
548 1743 598 1797 pro
616 1725 764 1797 completis
781 1725 869 1796 gradu
887 1731 917 1780 et
934 1726 1025 1780 forma
1373 1686 1436 1734 1⁵⁵3

361 2095 476 2160 Gratie
500 2093 586 2159 varie
610 2103 645 2160 et
667 2094 791 2159 nullam
815 2093 952 2160 formam
975 2104 1206 2161 concernentes

204 2306 238 2361 In
250 2305 349 2377 primis
361 2304 524 2360 conceditur
540 2308 572 2359 vt
588 2303 765 2375 acceptilatio
781 2303 843 2359 siue
858 2304 1052 2374 acquietancia
1064 2321 1115 2375 pro
1131 2303 1164 2358 1¹¹
1175 2302 1361 2375 percipiendis

273 2411 291 2449 a
308 2393 443 2464 magistro
460 2391 578 2447 Ohester
596 2391 625 2444 in
644 2407 724 2446 vsum
743 2390 905 2446 achademie
921 2390 1036 2462 sigillari
1055 2391 1145 2462 possit
1161 2391 1251 2463 sigillo
1267 2397 1360 2446 vestro

273 2496 414 2535 communi

205 2570 279 2625 Item
296 2567 459 2624 conceditur
476 2572 509 2622 vt
526 2583 646 2638 expense
663 2565 870 2638 procancellarii
891 2565 1010 2620 Londini
1029 2565 1103 2621 facte
1121 2567 1231 2637 possint
1247 2567 1360 2622 allocari

274 2674 324 2728 per
335 2656 463 2711 doctores
476 2654 579 2725 Blythe
591 2658 620 2708 et
633 2653 761 2709 Hatcher
772 2655 921 2724 magistros
934 2655 1048 2726 Maptyt
1061 2662 1090 2709 et
1102 2653 1234 2726 Segwylre

204 2743 279 2800 Item
292 2745 316 2799 it
328 2745 352 2799 is
363 2742 502 2815 graumed
514 2747 544 2814 yi
556 2742 598 2796 M‘
616 2741 707 2814 Fluyd
724 2752 771 2814 yof
786 2743 843 2797 late
859 2743 953 2797 officer
964 2759 1029 2814 may
1042 2742 1076 2796 be
1095 2743 1130 2814 by
1142 2752 1189 2813 γοΙ
1199 2743 1361 2815 authorytie

274 2833 369 2888 cneci
385 2833 434 2888 the
450 2849 579 2887 common
596 2849 726 2902 praysers
742 2832 774 2886 cf
790 2831 990 2887 thuniuersitie
1007 2837 1037 2886 to
1053 2832 1154 2903 supply
1167 2831 1217 2886 the
1234 2831 1360 2886 woonted

274 2919 489 2976 &aecimtomed
505 2917 624 2972 number
640 2917 671 2971 ol‘
683 2917 733 2972 the
750 2935 827 2973 same
844 2917 868 2973 dc
886 2917 918 2972 of
932 2918 990 2971 this
1008 2927 1055 2989 yo¹
1072 2923 1195 2988 graunnt
1213 2917 1236 2972 b
1253 2918 1314 2990 gylt
1330 2923 1361 2971 tc

274 3009 345 3064 have
357 3009 456 3063 lettres
468 3007 561 3062 scaled
572 3007 608 3060 wl
619 3015 666 3077 yo‘
677 3023 806 3061 common
818 3005 892 3061 seale

204 3097 280 3153 Item
303 3095 465 3151 conceditur
490 3101 521 3149 vt
545 3093 689 3166 responsio
713 3093 892 3166 theologi[c}a
918 3093 954 3148 ad
978 3111 1065 3164 quam
1091 3097 1205 3148 tenetur
1229 3093 1362 3164 magister

276 3185 452 3257 Pylkyngton
462 3183 508 3238 die
521 3183 599 3237 hune
609 3183 735 3254 proxima
747 3186 877 3253 presente
889 3181 1025 3254 prenobili
1036 3182 1096 3236 viro
1104 3181 1218 3237 dominc
1231 3181 1362 3253 Marques

275 3270 373 3326 habita
385 3275 443 3325 stet
454 3270 481 3325 ei
493 3287 544 3341 pro
556 3270 736 3341 responsione
748 3269 883 3324 hodierno
894 3269 940 3324 die
953 3267 1081 3324 habenda

206 3362 281 3416 liam
292 3359 455 3415 conceditur
467 3365 498 3413 vt
511 3359 645 3429 magister
657 3357 791 3429 Langdall
803 3357 853 3412 diu
865 3359 922 3413 iam
935 3358 971 3413 ab
982 3357 1146 3413 achademia
1161 3357 1262 3412 absens
1274 3358 1364 3430 possIt

275 3448 395 3520 gaudere
414 3464 528 3502 munere
547 3453 577 3500 et
597 3445 739 3518 stipendio
756 3446 892 3518 capellani
911 3445 1082 3502 Achademie
1101 3463 1188 3517 caque
1205 3445 1241 3500 ad
1259 3445 1362 3501 festum

277 3535 422 3592 Michaelis
440 3535 565 3606 proxime
583 3533 711 3588 futurum
731 3533 807 3603 quod
825 3534 849 3588 si
868 3539 930 3588 tum
948 3532 984 3589 ad
1002 3533 1193 3588 achademiam
1212 3533 1302 3589 rudIre
1320 3552 1362 3590 re·

276 3623 418 3678 cusaucrit
436 3623 465 3676 in
484 3625 579 3676 vestra
597 3623 737 3694 potestate
760 3621 814 3676 erit
837 3620 872 3676 de
896 3621 949 3675 hoc
973 3627 1033 3675 tcto
1057 3637 1171 3676 munere
1194 3638 1245 3692 pro
1269 3628 1362 3676 vestro

275 3710 416 3765 arbitratu
434 3713 560 3764 statuere

207 3799 281 3855 Item
299 3795 462 3852 conceditur
477 3800 510 3850 vt
525 3795 712 3867 questioniste
730 3794 815 3849 huius
831 3795 898 3849 anni
915 3795 1024 3866 possint
1041 3794 1206 3868 respondere
1221 3797 1362 3866 questioni

276 3890 342 3956 post
352 3886 458 3940 festum
472 3883 679 3939 Purificacionis
690 3901 747 3938 non
759 3881 890 3939 obstante
900 3886 1010 3938 statmo

207 3974 281 4029 Item
299 3973 461 4029 concedItur
480 3973 625 4043 (quoniam
643 3976 752 4028 veteres
769 3976 846 4026 carte
864 3977 894 4026 et
914 3969 1053 4026 evidentie
1071 3975 1163 4026 vestre
1181 3971 1263 4027 valde
1280 3973 1363 4043 negli·
1375 3973 1396 4033 f.
1414 3974 1451 4032 36
1465 3994 1484 4032 a

276 4069 375 4134 genter
398 4068 545 4132 tamquam
566 4067 678 4117 mortue
696 4063 727 4115 et
747 4060 853 4115 nullius
877 4060 1012 4115 momenti
1037 4059 1067 4114 in
1090 4060 1169 4115 cistis
1192 4059 1363 4116 Achademie

278 4151 384 4206 incluse
396 4151 490 4206 iacent
501 4151 531 4205 in
549 4150 653 4222 quibus
668 4155 764 4205 tamen
782 4148 917 4204 nonnulla
932 4148 1069 4202 contineri
1085 4153 1273 4220 putaturque
1289 4167 1362 4205 corn-

278 4237 360 4293 modo
372 4243 402 4292 et
414 4238 478 4293 veui
491 4236 662 4292 Achademie
674 4253 734 4291 esse
747 4236 857 4308 possiut
865 4241 926 4290 tam
935 4252 985 4307 pro
995 4234 1122 4306 pullariis
1131 4235 1194 4291 istIs
1203 4236 1364 4292 hominibus

278 4327 375 4381 eforo
394 4330 491 4381 nostro
512 4325 638 4380 arcendis
659 4341 746 4396 quam
770 4342 820 4395 pro
841 4324 904 4378 aliis
923 4323 1006 4378 rebus
1028 4340 1083 4377 non
1105 4324 1199 4379 minus
1221 4325 1258 4380 ad
1282 4343 1362 4381 vsum

278 4411 449 4468 Achademie
460 4410 666 4483 spectantibus)
679 4415 710 4464 vt
724 4409 855 4465 dominus
870 4410 1104 4481 procanoellcrius
1118 4410 1246 4467 doctores
1259 4412 1364 4469 Perker
