3408 5116
366 265 430 328 338
801 281 914 330 aanor
936 281 1029 330 eorm
1052 284 1075 331 Δ
1357 269 1525 352 [1580-81

366 433 533 504 Sadlington
578 435 637 489 Pet.
754 433 870 490 coniers
1141 435 1285 492 Stookdall
1352 437 1410 493 cla

366 521 488 577 Stafforri
754 521 921 594 Woliynden
1142 524 1255 598 Malbye
1351 525 1464 584 (ΝΟ.

366 609 497 667 Godderd
754 609 866 664 Evanoe
1140 614 1227 668 Howe

366 697 563 774 Jeney[Jene]
754 695 897 753 Robinson
946 695 1015 880 ιΗο.
1140 702 1223 756 Rowe
1348 703 1389 759 Ol.

367 787 457 841 Broke
616 785 697 842 Clara
754 785 835 841 Pratt

365 873 484 946 Oropley
753 874 840 930 Tiffer

366 963 501 1018 Marshall
752 961 858 1018 Iambe
1138 963 1235 1020 Naeva
1350 966 1417 1022 Ben.

365 1051 474 1124 Rydley
751 1048 879 1188 Fawoat}
960 1093 996 1148 Jo
1138 1051 1261 1106 Merioke

364 1138 468 1195 Colliar
751 1134 837 1189 Holte
997 1135 1003 1148 ”
1137 1139 1269 1208 Swynsoo

1140 790 1269 845 Gnnston

1140 875 1233 931 Bristo
1348 877 1440 948 Magd.

1277 1057 1289 1192 i
1346 1095 1410 1153 chr.

364 1226 435 1282 Osse
573 1182 638 1239 Chr·
751 1223 835 1278 Pares
1137 1225 1250 1295 Hooper
1347 1225 1412 1296 Reg.

363 1315 484 1370 Forman
572 1313 616 1370 Jo.
750 1310 939 1384 Keye[Caye]
981 1357 1029 1412 Tri
1135 1312 1255 1367 Gowohe
1290 1327 1302 1462 ἱ
1345 1354 1381 1410 Jo

364 1402 483 1456 Petason
572 1399 637 1456 chr.
749 1399 846 1454 Berith
1031 1400 1037 1413 '
1134 1399 1285 1470 Atkynson
1382 1399 1388 1410 '

363 1489 446 1544 Rawe
571 1487 630 1543 Pet.
748 1487 827 1542 Veall
1135 1487 1521 1562 HuntingtonPemb.[Mag.]

363 1576 506 1648 Fotherby
573 1575 677 1647 Regina
748 1574 925 1632 Williamson
1135 1576 1277 1648 Gummyn
1342 1577 1386 1633 Jo.

362 1665 498 1720 Eiderton
748 1663 834 1735 Claye
960 1664 1065 1736 Regino
1136 1664 1248 1737 Lynaey
1345 1665 1426 1722 Olane

397 1751 547 1826 [Ellerton]
572 1751 677 1823 Regina
749 1751 915 1823 Brightman
1302 1756 1354 1809 194

361 2044 445 2100 Mem.
461 2043 536 2116 quod
555 2044 623 2100 Tho.
641 2044 777 2099 Barsham
797 2061 853 2099 non
871 2043 926 2099 suit
945 2044 1130 2114 inauguratus
1148 2061 1199 2098 neo
1218 2043 1362 2114 respondit
1380 2045 1520 2115 questioni

431 2132 505 2188 vnde
520 2133 656 2188 forisfecit
671 2133 831 2187 cautionem
847 2132 954 2187 scilieet
973 2132 1044 2202 xiijs
1061 2131 1129 2203 iiijd
1141 2131 1183 2204 [et
1194 2129 1370 2204 subscriptor
1387 2133 1520 2202 magister

433 2221 579 2293 Hawkyns
591 2238 649 2276 xxs
662 2219 767 2293 amad]
779 2225 809 2275 et
822 2237 878 2274 non
891 2224 935 2274 est
948 2218 1165 2275 baoohaiaureue

361 2307 530 2364 Conceditur
544 2313 577 2364 16
589 2307 753 2363 Decembris
765 2311 797 2361 vt
809 2307 937 2378 magistri
950 2307 1108 2362 Willelmus
1122 2306 1290 2362 Pemberton
1302 2312 1332 2362 et
1344 2307 1446 2379 Smyth
1459 2308 1517 2362 sint

430 2395 635 2451 examinatores
651 2395 904 2467 questionistarum
921 2395 1096 2465 insequentis
1113 2395 1180 2449 anni
1197 2395 1238 2449 sic
1255 2398 1287 2449 vt
1304 2412 1398 2450 coram
1416 2403 1516 2450 senatu

431 2484 564 2540 inditium
585 2491 615 2540 et
634 2486 803 2540 sententiam
825 2485 918 2540 ierant
938 2485 968 2539 in
989 2485 1048 2538 vim
1066 2484 1219 2539 iuramenti
1239 2485 1318 2556 prins
1339 2485 1517 2540 vniuersitati

432 2571 544 2642 prestiti

218 2953 239 3012 f.
259 2951 349 3012 1321>
781 2949 945 3035 [Magistri
968 2947 1103 3032 artium]

361 3155 428 3212 cola
443 3155 573 3212 Trinia7
616 3151 786 3210 Conoeditur
799 3151 914 3206 domino
931 3152 1039 3207 Thome
1056 3151 1156 3207 Hoode
1171 3159 1205 3206 vt
1220 3156 1238 3206 9
1255 3154 1369 3207 termini
1386 3155 1515 3226 completi

431 3247 496 3314 post
517 3241 628 3297 finalem
650 3241 711 3296 eius
730 3238 997 3294 determinacionem
1022 3239 1051 3293 in
1075 3239 1180 3311 quibus
1204 3239 1338 3296 lectiones
1361 3241 1516 3296 ordinaries

431 3331 541 3388 audivit
553 3330 619 3384 lieet
631 3345 687 3383 non
700 3327 815 3382 omnino
827 3325 982 3382 seeundum
994 3326 1114 3382 formam
1131 3327 1235 3382 statuti
1251 3345 1317 3383 oum
1333 3328 1514 3400 oppositioni·

431 3418 484 3475 bus
495 3414 723 3488 responsionibus
734 3419 764 3470 et
776 3415 839 3469 aliis
851 3415 990 3470 exercitiis
1002 3432 1053 3486 par
1064 3419 1176 3470 statuta
1187 3416 1263 3486 regia
1278 3415 1423 3486 requisitis
1439 3417 1514 3472 suffi-

429 3509 507 3562 oiant
518 3505 544 3561 ei
557 3504 592 3560 ad
605 3503 796 3575 incipiendum
809 3504 838 3557 in
851 3502 961 3558 artibus

359 3595 466 3654 Eadem
477 3594 568 3666 gratia
580 3592 742 3648 oonoeditur
752 3591 779 3646 d.
792 3592 810 3646 J
812 3609 836 3646 ο.
847 3591 1006 3662 Howghton
1019 3590 1067 3647 W⁰
1080 3591 1147 3646 Hali
1161 3591 1232 3645 Hon.
1244 3591 1324 3647 Gries
1336 3592 1404 3647 Tho.
1417 3593 1513 3648 Harri·

429 3702 481 3740 son
493 3683 561 3739 Tho.
578 3679 713 3736 Whitnell
726 3679 863 3735 Edwardo
876 3680 974 3735 Sewell

359 3776 403 3831 Ex
414 3773 529 3843 collegio
540 3771 599 3826 divi
611 3769 751 3825 Johannia
793 3768 819 3823 d.
834 3769 876 3824 Jo.
892 3769 1013 3841 Meyhen
1027 3769 1099 3824 Heu.
1114 3769 1210 3823 Bowas
1223 3769 1265 3823 W.
1281 3769 1370 3840 Ingall
1383 3771 1514 3826 Eleazaro

430 3860 515 3916 Knox
528 3858 587 3913 Rie.
602 3857 706 3912 Parker
717 3856 760 3911 Jo.
775 3856 883 3911 (iamet

360 3953 403 4007 Ex
423 3949 538 4020 eollegio
559 3947 667 4003 christi
714 3945 741 4000 d,
764 3945 846 4000 Zaoh.
870 3943 1004 4000 Hawi'ord
1025 3946 1093 4001 Tho.
1117 3943 1243 4000 Osborne
1265 3945 1333 4000 Tho.
1360 3945 1513 4018 lawghton

431 4035 568 4092 Edwardo
582 4035 693 4106 Rayson
707 4033 775 4088 Rob.
788 4034 911 4104 Paynter
921 4032 939 4087 J
940 4051 964 4088 o.
976 4033 1111 4088 Sherston
1120 4032 1138 4088 J
1140 4033 1227 4088 aoobo
1236 4033 1332 4089 White
1342 4033 1439 4090 Frena
1451 4035 1514 4107 Key

359 4130 402 4183 Ex
413 4125 528 4195 collegio
541 4123 662 4194 Regineo
709 4120 735 4175 d.
751 4121 857 4192 Rogero
865 4121 974 4176 Parnes
986 4121 1054 4176 Tho.
1068 4121 1159 4176 Goose
1171 4120 1291 4176 Rioanio
1303 4121 1412 4193 Alyson

360 4219 402 4272 Ex
414 4215 479 4271 aula
490 4211 572 4270 Claro
619 4209 645 4264 d„
659 4209 702 4265 Jo.
716 4207 871 4265 Chambere
882 4208 1006 4278 «iosepho
1018 4207 1135 4279 Gybson
1148 4207 1247 4263 Gwait
1261 4208 1432 4264 Netheroote
1444 4210 1513 4266 Tho.

431 4300 557 4358 Iseonard
570 4299 706 4354 Nieholao
716 4298 840 4368 Jeffraye
852 4297 899 4350 W⁰
915 4294 1018 4351 Steade
1034 4295 1103 4350 Tho
1121 4296 1267 4351 Grimston
1284 4295 1402 4351 Rioardo
1421 4297 1514 4354 Kellet
