3378 5116
766 348 878 398 onnon
901 349 994 397 soor(
1018 349 1041 396 Δ
1322 328 1487 417 [1557-58

677 749 900 815 Praeticantes
921 748 957 813 in
980 747 1142 814 medicina

330 920 404 975 Item
418 926 446 974 1⁰
461 921 532 976 Julii
548 922 711 978 conceditur
727 923 862 994 magistro
878 922 1031 977 Shereman
1048 925 1080 976 vt
1096 920 1224 978 studium
1240 921 1336 977 decem
1351 936 1489 975 annorum

400 1009 430 1064 in
442 1009 581 1065 medicina
593 1011 714 1078 sufficiat
726 1011 752 1066 ei
764 1010 798 1066 ad
812 1010 1025 1083 practicandum
1038 1011 1068 1066 in
1080 1010 1178 1067 eadem
1194 1012 1235 1066 sic
1246 1015 1279 1066 vt
1290 1011 1351 1066 eius
1368 1008 1489 1066 eruditio

398 1094 572 1166 approbetur
589 1113 639 1167 per
656 1096 727 1152 duos
745 1098 874 1153 doctores
892 1097 1018 1152 eiusdem
1040 1097 1184 1152 facultatis
1201 1099 1231 1150 et
1248 1095 1402 1167 superbae
1423 1113 1487 1151 oon-

400 1184 523 1238 eessione
534 1189 628 1240 vestra
639 1185 735 1245 literas
746 1186 851 1242 habeat
862 1185 998 1257 sigillatas
1009 1185 1100 1257 sigillo
1112 1189 1205 1241 vestro
1216 1186 1358 1240 communi

489 1291 582 1361 (vacat
594 1291 661 1362 quia
674 1309 815 1363 nusquam
827 1292 947 1347 accessit
958 1291 995 1348 ed
1007 1291 1182 1346 academiam
1194 1291 1316 1364 marein)

669 1683 901 1749 Bacchalanrei
923 1682 957 1747 in
981 1682 1145 1768 theologia

328 1874 403 1930 Item
427 1879 456 1929 2⁰
476 1873 547 1930 Julii
567 1873 729 1928 conceditur
747 1873 882 1944 magistro
906 1871 996 1944 Bayly
1014 1877 1047 1927 vt
1070 1872 1198 1927 studium
1217 1875 1325 1942 septem
1349 1887 1486 1925 annorum

397 1963 428 2017 in
439 1961 578 2032 theologia
589 1965 741 2032 postquem
754 1961 858 2015 rexerit
874 1959 903 2015 in
920 1958 1030 2014 artibus
1042 1977 1098 2013 vna
1110 1977 1175 2013 cum
1190 1957 1300 2012 duobus
1311 1957 1488 2013 sermonibus

397 2069 453 2107 vno
464 2051 500 2106 ad
512 2050 617 2106 clerum
630 2055 659 2106 et
671 2049 760 2105 altero
776 2049 812 2104 ad
825 2066 936 2104 crucem
955 2047 1035 2103 Pauli
1052 2053 1082 2102 et
1098 2064 1154 2102 rna
1171 2047 1349 2119 responsione
1360 2047 1487 2104 facienda

397 2145 463 2195 ante
477 2140 582 2196 festum
599 2138 745 2193 Paschatis
757 2137 882 2209 proxime
899 2138 1043 2208 sequentis
1058 2135 1112 2192 snb
1128 2153 1200 2207 pena
1218 2141 1340 2206 quatuor
1351 2135 1486 2191 librarum

396 2231 427 2284 in
451 2227 582 2284 manibus
600 2234 812 2300 procuratorum
832 2231 899 2282 ante
922 2226 983 2282 eius
1001 2225 1199 2280 admissionem
1217 2223 1410 2295 ponendorum
1429 2226 1485 2280 sul-

397 2320 473 2374 ficiat
496 2318 522 2373 ei
541 2322 600 2373 tam
621 2317 658 2372 ad
681 2317 880 2389 opponendum
904 2333 991 2387 quam
1016 2314 1052 2370 ad
1075 2313 1241 2369 intrandum
1259 2313 1289 2368 in
1314 2313 1400 2368 libros
1424 2331 1485 2369 sen-

397 2405 551 2462 tentiarum
571 2405 717 2476 (forisfecit
735 2411 764 2459 et
783 2403 869 2459 solvit
887 2403 1009 2474 marytre)

479 2791 592 2858 Gratis
615 2791 702 2856 varie
725 2798 759 2856 et
781 2789 908 2855 nullam
931 2790 1068 2853 formam
1091 2796 1321 2853 concernentes

328 2982 422 3038 Placet
433 2981 513 3038 vobis
526 2987 557 3036 vt
569 2999 659 3037 sermo
672 2981 708 3037 ad
720 2981 826 3037 clerum
842 2979 878 3036 ad
890 2996 974 3051 quem
988 2985 1102 3036 tenetur
1113 2980 1247 3052 magister
1259 2980 1364 3052 Pauley
1376 2981 1485 3036 ratione

395 3070 499 3142 gradus
511 3071 556 3126 sui
568 3071 690 3143 srmcepti
703 3071 793 3142 possit
804 3069 930 3126 conuerti
943 3070 973 3125 in
985 3087 1034 3124 sex
1046 3087 1187 3125 sermones
1198 3069 1235 3125 ed
1247 3071 1382 3142 populum

326 3159 496 3215 Conceditur
515 3159 623 3216 doctori
643 3159 768 3214 Heskins
788 3164 823 3213 nt
839 3156 996 3228 disputatio
1013 3163 1043 3214 et
1060 3156 1259 3214 determinatio
1277 3159 1431 3231 theologica
1448 3158 1484 3214 ad

396 3264 468 3317 quas
480 3251 593 3303 tenetur
604 3245 709 3302 differri
720 3246 831 3317 possint
842 3246 873 3300 in
889 3245 1048 3316 proximum
1060 3262 1167 3300 annum
1185 3246 1225 3301 sic
1237 3247 1313 3317 quod
1325 3248 1396 3302 liant
1414 3248 1485 3303 citra

397 3335 501 3390 festum
514 3334 620 3390 Pesohe
630 3333 790 3406 proximum

327 3424 434 3480 Eadem
445 3423 536 3494 gratia
547 3421 709 3478 conceditur
720 3421 746 3477 d.
760 3421 878 3476 Bnllock
890 3425 925 3475 23
937 3419 1017 3474 Junii
1033 3424 1102 3474 1558

327 3513 497 3568 Conceditur
507 3519 540 3566 vt
556 3513 683 3583 magistri
700 3511 836 3582 Alington
849 3514 878 3565 et
896 3510 1062 3580 Longworth
1079 3510 1189 3582 possint
1203 3529 1237 3565 ex
1254 3515 1347 3565 vestra
1362 3511 1486 3567 authori·

396 3609 456 3659 tate
468 3621 528 3658 esse
539 3604 742 3658 examinatores
754 3601 984 3672 determinatores
997 3601 1080 3656 istius
1092 3601 1160 3656 anni

326 3690 497 3746 Conceditur
514 3694 546 3743 vt
561 3691 676 3760 exequie
694 3687 858 3744 celebrande
874 3688 905 3742 in
919 3687 965 3742 die
987 3687 1111 3742 cinerum
1132 3688 1258 3758 proximo
1275 3705 1325 3759 per
1343 3691 1485 3744 statutum

396 3779 501 3834 differri
525 3779 615 3850 possit
638 3779 669 3832 in
692 3777 767 3833 diem
796 3777 878 3832 Jouis
902 3782 1067 3848 sequentem
1091 3781 1206 3847 propter
1229 3776 1371 3832 solennem
1395 3777 1485 3833 deter-

396 3867 580 3922 minationem
597 3865 757 3921 habendam
776 3865 873 3920 eodem
892 3864 938 3920 die

326 3953 528 4024 Dispensatum
542 3956 667 4005 osteum
684 3950 818 4020 magistro
835 3949 943 4004 Furthe
959 3949 1095 4020 superiori
1111 3966 1186 4004 anno
1203 3949 1232 4002 in
1247 3947 1310 4020 jure
1328 3948 1404 4003 ciuili
1421 3949 1484 4005 bac-

397 4040 545 4095 chaleureo
565 4038 600 4094 de
625 4056 682 4092 non
706 4037 823 4109 legendo
844 4037 885 4091 sic
906 4036 983 4108 quod
1007 4036 1100 4092 soluat
1123 4037 1303 4092 uniuersitati
1324 4036 1396 4107 xiijs
1417 4038 1486 4110 iiijd

396 4127 558 4184 Consimilis
576 4127 668 4198 gratia
687 4125 850 4181 conceditur
867 4127 1002 4197 magistro
1020 4126 1112 4181 Beker

326 4217 495 4275 Conceditur
512 4217 646 4287 magistro
663 4214 787 4270 Holland
800 4220 835 4269 nt
853 4214 973 4284 gaudere
990 4215 1079 4285 possit
1096 4219 1191 4270 vestre
1206 4214 1380 4270 authoritate
1396 4215 1486 4272 officio

396 4302 562 4358 scrutatoris
583 4318 715 4356 vasorum
735 4301 797 4356 siue
821 4305 853 4355 vt
874 4306 976 4356 vocant
996 4301 1167 4373 gaugiatoris
1190 4305 1219 4356 et
1243 4319 1328 4373 super
1351 4302 1404 4357 hec
1421 4321 1485 4358 con·

397 4390 520 4446 cessione
540 4395 632 4444 vestre
649 4389 747 4444 literas
764 4387 868 4444 habeat
885 4389 1023 4461 sigillatas
1040 4389 1131 4460 sigillo
1148 4393 1243 4444 vestro
1260 4390 1402 4444 communi
