3376 5108
177 373 343 458 1561-62]

504 681 592 748 Ordo
614 681 814 747 senioritatis
835 679 1011 746 eorundem

354 853 454 910 Olarke
682 853 847 925 Parlrynson
985 849 1108 905 Harneie

354 941 470 998 Browne
681 940 833 996 Bradiorth
984 937 1117 1009 Wythers

354 1030 474 1102 Smythe
683 1028 778 1082 Lawse
983 1024 1178 1096 Goldyngham

355 1116 502 1190 Ohapman
682 1116 787 1172 Welles
984 1112 1088 1169 Wanie

355 1205 463 1276 Coeper
985 1200 1124 1272 Beryman

355 1291 477 1364 Symeon
986 1287 1054 1344 Hall

357 1380 455 1436 Butler

181 1519 276 1574 Placet
292 1519 373 1574 vobis
390 1521 408 1575 9
426 1519 496 1574 Julii
515 1525 547 1574 vt
566 1519 701 1590 magister
719 1519 761 1575 W.
782 1518 906 1575 Ovarton
926 1518 956 1573 in
976 1517 1120 1573 academia
1138 1515 1288 1572 Oxoniensi
1306 1515 1337 1570 in

250 1604 360 1661 artibus
378 1607 513 1677 magister
530 1607 575 1661 sit
587 1606 634 1661 hio
652 1607 728 1678 apud
746 1624 795 1661 vos
813 1607 843 1661 in
862 1605 977 1660 eiisdem
995 1605 1084 1676 gradu
1101 1605 1198 1659 ordine
1216 1609 1338 1658 stanno

250 1693 354 1764 quibus
368 1695 424 1750 fuit
440 1695 470 1748 in
486 1693 564 1749 diota
580 1694 724 1749 aeademia
760 1693 839 1748 Idem
857 1698 968 1748 oreatus
984 1698 1028 1748 est
1044 1693 1179 1764 magister
1189 1692 1295 1747 artium
1307 1693 1336 1747 iu

250 1781 392 1838 academia
404 1783 555 1838 Oxoniensi
568 1801 643 1838 anno
655 1783 763 1838 domini
778 1786 847 1837 1553
884 1781 1037 1837 Admissus
1049 1782 1095 1836 hio
1107 1785 1125 1836 9
1137 1781 1154 1836 J
1157 1780 1207 1836 ulii

549 2069 734 2135 Praetioans
757 2067 793 2134 in
815 2067 977 2134 medicina

252 2331 281 2385 in
303 2329 442 2385 medicina
463 2331 568 2402 partim
590 2331 619 2384 in
641 2330 694 2385 hac
714 2331 899 2385 uniuersitate
917 2329 1021 2401 partim
1044 2329 1155 2384 Lutetia
1172 2334 1202 2384 et
1223 2329 1339 2386 Lovenii

252 2418 374 2473 sufficiat
391 2417 418 2471 ei
436 2417 472 2471 ad
490 2415 703 2488 practioandum
722 2417 751 2471 iu
770 2417 867 2473 eadem
885 2417 1021 2472 facultate
1038 2418 1079 2472 sio
1095 2421 1127 2472 vt
1142 2418 1203 2472 eius
1218 2418 1340 2474 eruditio

253 2507 331 2578 prius
355 2507 531 2562 examinatur
551 2511 581 2561 at
602 2505 775 2578 approbatur
795 2524 845 2578 par
863 2506 935 2562 duos
959 2507 1087 2562 doctores
1110 2505 1234 2562 eiusdem
1254 2507 1340 2562 facul-

253 2597 322 2650 tatis
336 2600 366 2651 et
382 2612 433 2666 per
445 2613 532 2650 vnum
546 2611 643 2650 eorum
657 2600 836 2666 presentetur
851 2599 880 2650 et
894 2612 979 2665 super
993 2594 1046 2651 hae
1058 2599 1151 2650 vestra
1165 2597 1341 2651 eonoessione

251 2685 347 2739 literas
367 2681 472 2738 habeat
492 2683 584 2754 sigillo
605 2690 700 2738 vestro
721 2685 863 2739 eommuni
884 2683 1046 2755 obsignatas
1090 2685 1271 2740 Presentatus
1292 2703 1342 2756 per

252 2773 395 2828 doctorem
414 2772 531 2828 Bounde

584 3011 707 3077 Doctor
729 3012 764 3076 in
786 3011 948 3078 medicina

182 3181 353 3237 Conceditur
361 3183 412 3254 vj⁸⁰
425 3181 522 3237 Martii
534 3183 670 3252 magistro
684 3183 794 3255 Boyton
803 3188 836 3238 vt
847 3182 975 3238 studium
984 3200 1002 3236 x
1011 3199 1149 3238 annorum
1162 3183 1191 3236 in
1202 3183 1342 3238 medicina

254 3275 405 3342 postquam
422 3271 525 3326 rexerit
540 3271 568 3326 in
584 3271 694 3326 artibus
706 3289 772 3326 oum
784 3272 965 3342 responsione
976 3271 1006 3325 in
1019 3270 1152 3342 vesperiis
1163 3272 1341 3327 comitiorum

254 3361 444 3432 proximorum
465 3361 587 3416 sufficiat
607 3361 632 3415 ei
654 3362 690 3416 ad
712 3360 904 3431 incipiendum
926 3359 955 3414 in
977 3357 1117 3414 medisina
1161 3359 1342 3416 Presentatus

254 3465 304 3519 par
320 3448 464 3503 doctorem
479 3448 595 3504 Wollrer

512 3730 741 3796 Bacchalaurei
765 3731 798 3796 in
818 3731 894 3818 jure
916 3731 1007 3797 ciuili

186 3903 358 3959 Gonoeditur
380 3903 472 3974 primo
492 3901 561 3956 Maii
579 3900 622 3956 Jo.
644 3901 753 3956 Bartlet
772 3906 804 3956 vt
824 3901 952 3957 studium
972 3907 1002 3958 et
1023 3903 1147 3972 practica
1167 3921 1184 3956 x
1205 3921 1343 3959 annorum

257 3992 287 4046 in
305 3991 369 4062 jure
386 3991 462 4045 civili
479 3990 584 4062 partim
602 3990 631 4044 in
648 3989 778 4060 partibus
795 3991 993 4045 transmarinis
1009 3991 1113 4062 partim
1132 3991 1178 4045 hic
1195 3992 1225 4046 in
1242 3991 1345 4063 Anglia

257 4095 322 4132 cum
334 4075 559 4148 oppositionibus
571 4076 800 4146 responsionibus
811 4084 841 4132 et
853 4078 916 4132 aliis
933 4079 1072 4133 exercitiis
1088 4096 1139 4150 per
1149 4079 1224 4150 regia
1235 4085 1345 4135 statuta

258 4164 402 4237 requisitis
420 4163 596 4236 perficiendis
613 4164 687 4219 inira
702 4182 810 4220 annum
826 4170 892 4237 post
908 4166 969 4221 eius
983 4165 1182 4222 admissionem
1201 4167 1254 4223 sub
1272 4185 1346 4239 pena

258 4254 338 4326 lxvjs
359 4253 438 4326 viijd
462 4253 654 4325 ponendorum
679 4254 708 4308 in
733 4254 865 4310 manibus
888 4259 1100 4326 proouretonrm
1124 4261 1190 4311 ante
1213 4256 1274 4312 eius
1297 4256 1345 4311 ad·

258 4343 421 4397 missionem
433 4341 554 4400 sufficiat
570 4341 595 4396 ei
612 4341 648 4396 ad
665 4341 830 4397 intrandum
842 4343 872 4396 in
889 4342 987 4398 eodem
999 4343 1063 4415 jure
1100 4343 1281 4400 Presentetus
1297 4362 1347 4415 per

258 4430 401 4485 doctorem
416 4430 529 4501 Harvye
540 4433 570 4483 et
581 4429 723 4484 admissus
738 4434 770 4483 15
784 4429 852 4484 Maii
866 4433 934 4485 1562
