3400 5126
221 371 386 458 1579-80]
656 391 770 440 onnon
793 391 885 439 soon
910 391 932 437 n
1313 373 1375 438 331

220 545 305 599 Snstt
430 544 522 616 Mago.
607 546 707 602 Cisrke
818 547 902 618 Regis
994 545 1128 690 Browne}

221 632 332 704 Rnyner
429 633 447 688 J
449 650 473 689 0.
607 633 730 706 Rookley
993 633 1100 689 Cibson
1203 587 1356 658 Corp'Ohr'

220 719 319 792 Abbys
430 721 511 792 Corp.
519 720 584 777 Chr.
607 643 748 777 Proude}
816 677 860 732 ‘1⁰'
994 721 1102 776 Furnes
1204 719 1276 773 Cisr.

221 809 286 865 Ives
430 809 542 867 (ΜΟ.
607 812 763 882 Pickeryng
817 811 874 867 oie
994 809 1083 881 Fryer
1203 807 1315 863 G.&C.

220 897 307 952 Jones
431 897 524 969 Magd.
609 898 759 970 Sibthorpe
818 898 874 952 Tri.
995 898 1088 970 Dalei
1204 939 1253 995 Tri

221 986 300 1042 Fsux
430 987 495 1043 Chr.
608 988 717 1059 Herrys
819 987 899 1058 Corp.
909 986 973 1042 Chr.
996 971 1092 1045 Kenti
1254 981 1260 994 ’

222 1073 357 1131 Robertes
430 1074 495 1131 Chr.
607 1075 707 1130 Foster
816 1075 899 1146 Corp.
907 1073 972 1129 Chr.
993 1072 1080 1128 Jones
1204 1070 1260 1125 Tri.

221 1163 352 1220 Brabond
430 1162 585 1236 Corp.Chr.
609 1164 747 1220 Herrison
819 1163 874 1219 Tri.
996 1162 1071 1216 Reve
1204 1159 1268 1214 Chr.

221 1251 366 1322 Gsscoyne
606 1251 753 1323 Sheppnrd
817 1251 861 1307 J0.
995 1249 1129 1303 Dreemer
1394 1237 1414 1297 s.
1432 1237 1490 1296 130
1502 1237 1521 1294 b

221 1339 346 1411 Wsryng
469 1339 485 1396 '.
607 1339 714 1410 Sperke
818 1340 861 1395 ιῙο.
995 1335 1081 1390 Cowll
1204 1332 1268 1387 Chr.

220 1426 337 1498 ΤΟΡΡΜ
467 1470 473 1484 .
606 1427 730 1499 Asheley
820 1425 912 1497 Msgd.
996 1423 1111 1478 stcus

994 1511 1116 1655 Janion}
1205 1552 1261 1606 Tri·

470 1645 486 1702 ‘⁸
607 1690 767 1746 Hudleston

432 1776 584 1848 Corp.Chr.
608 1776 715 1832 Boorne

221 1865 337 1920 stson
428 1863 472 1918 Jo.
606 1864 698 1934 Kinge
815 1863 872 1918 Jos
993 1861 1129 1916 Sherrnrd
1204 1861 1236 1915 G.
1250 1861 1273 1915 ἃ
1286 1860 1316 1916 C.

220 1953 323 2007 Milner
429 1952 486 2008 Tri.
606 1951 727 2008 Kendnll
815 1951 926 2006 (MC.
992 1950 1140 2004 Lewrence
1204 1949 1268 2006 Chr.

220 2041 330 2096 Ansam
432 2041 514 2112 Regis
607 2041 761 2114 inwghtou
817 2040 922 2111 Regino
993 2039 1144 2110 Atkynson
1204 2036 1268 2092 Chr.

223 2129 341 2185 Halsted
431 2129 475 2186 J0.
995 2127 1089 2182 Lewes
1203 2125 1308 2197 Regius

1102 2218 1138 2269 86

995 1685 1117 1757 Atterby
1204 1685 1269 1740 Chr.

776 1707 874 1842 iffi
995 1773 1122 1829 Hawden
1205 1773 1270 1829 Chr.

224 2505 392 2561 Conceditur
410 2510 443 2560 18
459 2504 539 2560 Junii
555 2511 588 2560 vt
605 2505 730 2560 Thomas
749 2505 853 2576 Twyne
870 2505 899 2559 in
917 2504 1061 2560 ecndemie
1079 2506 1230 2561 Oxoniensi
1246 2506 1379 2576 magister

294 2595 399 2649 artium
423 2595 452 2648 in
478 2595 551 2650 hene
574 2594 746 2649 academiam
769 2593 961 2665 incorporetur
982 2596 1075 2665 sitque
1096 2594 1172 2666 apud
1192 2611 1242 2650 vos
1263 2595 1376 2650 eiisdem

292 2683 379 2754 gradu
391 2700 466 2737 enno
478 2687 507 2738 et
519 2684 579 2737 loco
591 2682 696 2753 quibus
708 2687 769 2737 erat
782 2682 882 2737 Oxonii
1135 2741 1136 2746 η

221 2773 328 2828 Eadem
339 2773 430 2844 gretia
442 2771 604 2827 comeditur
616 2777 633 2826 4
645 2771 715 2827 Julii
728 2771 869 2841 magistris
881 2771 898 2826 J
901 2789 924 2828 ο.
938 2772 1055 2828 Weston
1067 2778 1098 2826 st
1109 2773 1126 2827 J
1129 2791 1151 2827 ο.
1167 2773 1347 2828 Stookewood

618 3145 876 3210 Bocchalaureus
894 3145 978 3231 juris

223 3330 393 3386 Conceditur
404 3337 438 3390 28
451 3329 620 3386 Novembris
638 3331 783 3402 Rodclpho
797 3331 893 3386 Bowes
906 3336 937 3386 vt
949 3331 1076 3386 studium
1089 3335 1105 3384 t
1118 3349 1256 3386 annorum
1273 3333 1301 3386 in
1319 3333 1378 3388 iure

294 3419 368 3474 civili
381 3437 446 3474 cum
458 3418 684 3491 opposicionibus
696 3419 925 3491 responsionibus
937 3425 967 3474 et
979 3420 1042 3475 aliis
1053 3421 1192 3476 exercitiis
1205 3438 1256 3492 per
1267 3425 1378 3476 statute

292 3506 436 3577 requisitis
447 3506 569 3580 sufficiat
580 3507 605 3560 ei
618 3506 654 3561 sd
668 3506 831 3561 intrandum
845 3507 875 3560 iu
888 3501 986 3561 eodem
997 3507 1057 3560 iure
1071 3507 1111 3562 ita
1124 3512 1156 3562 vt
1167 3507 1335 3578 respondeat
1348 3509 1377 3563 in

294 3592 394 3648 habitu
406 3591 593 3648 beochnlnurii

593 3966 823 4032 Bucohalaurei
846 3967 1008 4056 theologie

224 4155 393 4212 Conceditur
407 4161 440 4212 16
453 4155 583 4212 Octobris
596 4159 731 4229 magistro
744 4159 880 4214 Nicholso
893 4161 1004 4216 Steeres
1017 4165 1049 4214 vt
1061 4160 1190 4215 studium
1207 4164 1223 4218 7
1240 4179 1378 4218 annorum

295 4244 324 4298 in
337 4243 476 4314 theologie
486 4253 638 4316 postquem
651 4247 754 4301 rexerit
766 4247 795 4301 in
808 4247 918 4302 artibus
930 4264 994 4301 cum
1007 4246 1232 4317 opposicionibus
1241 4253 1378 4321 responsi·

293 4331 393 4387 onibus
405 4332 581 4388 sermonibus
593 4339 622 4388 et
634 4334 697 4388 sliis
709 4334 849 4390 exercitiis
865 4353 915 4405 per
931 4338 1041 4389 statute
1058 4335 1201 4405 requisitis
1216 4337 1338 4393 sufficiet
1353 4340 1379 4394 ei

295 4425 354 4475 tum
367 4421 402 4476 ed
415 4421 613 4493 opponendum
625 4439 710 4492 quem
723 4423 758 4477 sd
772 4422 936 4478 intrandum
951 4423 980 4478 in
993 4439 1071 4477 secra
1083 4422 1222 4494 theologie
