3344 5110
750 374 863 424 onnon
886 375 978 424 soon
1001 376 1024 423 Δ
1305 357 1472 444 [1549-50

770 994 1013 1082 [isso-1550]

190 1167 211 1226 f.
229 1168 267 1226 26
281 1167 301 1226 b
315 1166 428 1232 Gratis
438 1166 507 1232 siue
520 1165 695 1252 peticiones
704 1185 853 1229 concesse
864 1163 897 1228 in
909 1163 1005 1250 piena
1013 1163 1262 1250 congregacione
1272 1165 1470 1252 Regentium

401 1279 436 1337 et
462 1293 526 1335 non
552 1269 751 1354 Regentium
773 1291 793 1332 a
817 1267 898 1332 sesto
921 1268 1025 1332 sancti
1049 1267 1217 1334 Michaelis
1239 1291 1325 1334 anno
1347 1268 1470 1334 domini

404 1378 488 1442 1549
515 1396 614 1460 vsque
640 1373 682 1438 ad
709 1371 808 1438 iidem
836 1373 955 1437 festum
983 1394 1023 1438 ex
1050 1382 1128 1438 tuno
1158 1374 1303 1459 proxime
1332 1397 1471 1462 sequens

402 1480 536 1546 Gaitero
566 1476 706 1543 Haddon
743 1477 851 1564 legum
883 1476 1011 1542 doctore
1042 1484 1121 1542 tuno
1156 1479 1403 1564 prooanoeliario
1436 1487 1470 1544 et

403 1583 567 1674 magistris
597 1583 734 1669 Georgio
765 1581 903 1647 Bulloke
933 1588 968 1647 et
998 1581 1161 1668 Phillippo
1190 1582 1298 1648 Baker
1323 1605 1470 1670 procura·

403 1689 535 1756 toribus.

675 1879 905 1945 Baoohaiaurei
927 1880 961 1943 in
984 1879 1110 1945 artibus

317 2034 351 2088 In
370 2034 468 2104 primis
485 2033 647 2089 oonoeditur
666 2033 749 2088 Petro
767 2033 883 2088 Fostero
902 2038 933 2087 vt
951 2030 1080 2087 vndeoim
1098 2032 1212 2088 termini
1230 2050 1295 2088 oum
1313 2051 1346 2089 eo
1364 2035 1394 2090 In
1415 2053 1472 2106 quo

385 2121 624 2178 determinaturus
647 2125 691 2176 est
715 2120 764 2192 qui
791 2119 947 2175 ordinarias
969 2119 1103 2176 lectiones
1129 2120 1240 2176 audiuit
1263 2126 1293 2177 et
1315 2122 1473 2195 disputavit

386 2209 586 2281 responditque
602 2207 755 2264 seeundum
772 2212 882 2263 statuta
899 2207 973 2278 regia
989 2207 1131 2263 suffitiant
1146 2207 1187 2263 illi
1199 2207 1236 2264 sd
1248 2210 1472 2281 respondendum

385 2297 527 2369 questioni

317 2386 422 2442 Eadem
436 2387 528 2457 gratia
541 2385 578 2441 de
590 2385 674 2440 verbo
690 2386 720 2440 in
738 2385 854 2441 verbum
871 2384 1033 2440 conceditur
1049 2385 1186 2441 Outberto
1203 2385 1331 2442 Tunstall
1350 2387 1473 2443 Henrioo

387 2474 508 2546 Wryght
520 2473 642 2529 Roberto
654 2475 730 2546 Ayre
742 2481 771 2528 et
783 2473 923 2529 Gulielmo
936 2472 1088 2528 Harnsrde

319 2565 391 2619 Item
412 2563 575 2619 oonoeditur
595 2563 703 2618 Thome
725 2562 850 2618 Riorofto
871 2566 904 2618 vt
924 2560 1071 2618 duodecim
1091 2562 1205 2618 termini
1226 2581 1291 2618 oum
1312 2580 1345 2618 eo
1366 2564 1395 2619 in
1416 2581 1473 2634 quo

386 2653 625 2709 determinaturus
641 2659 684 2708 est
700 2653 749 2724 qui
766 2652 921 2708 ordinarias
937 2648 1071 2706 lectiones
1085 2650 1198 2706 audiuit
1213 2657 1243 2707 st
1258 2650 1417 2724 disputauit
1431 2670 1472 2708 ns-

386 2739 556 2811 sponditque
575 2739 728 2795 seeundum
750 2743 861 2794 statuta
879 2738 955 2810 regia
975 2738 1116 2793 sufficiant
1135 2737 1176 2793 illi
1194 2738 1230 2793 sd
1248 2739 1472 2811 respondendum

387 2827 528 2898 questioni

319 2916 392 2972 Item
412 2914 573 2970 oonoeditur
590 2913 752 2969 Thurstono
771 2913 895 2968 Bartono
913 2917 945 2967 vt
965 2917 998 2968 12
1016 2913 1129 2968 termini
1148 2913 1178 2967 in
1196 2913 1300 2984 quibus
1319 2913 1474 2971 ordInarias

387 3005 520 3060 lectiones
536 3021 586 3075 per
600 3003 733 3058 maiorem
750 3009 860 3074 partem
876 3001 989 3058 audiuit
999 3019 1064 3057 oum
1077 3001 1169 3057 tribus
1180 3003 1321 3074 responsis
1332 3004 1473 3060 sufficiant

387 3093 442 3148 sibi
453 3091 490 3147 ad
502 3090 725 3163 respondendum
738 3089 879 3162 questioni

319 3180 392 3236 Item
400 3178 563 3234 oonoeditur
570 3178 674 3233 Ioanni
685 3177 789 3233 Levero
798 3181 831 3232 vt
839 3174 985 3232 duodecim
995 3176 1108 3230 termini
1118 3175 1249 3247 completi
1259 3177 1308 3248 qui
1319 3177 1474 3234 ordinarias

387 3267 520 3323 Ieotiones
535 3265 647 3320 audiuit
662 3269 692 3320 et
706 3263 867 3335 disputauit
882 3263 1082 3335 responditque
1100 3263 1254 3319 secundum
1272 3269 1382 3321 statuta
1398 3268 1474 3339 regia

388 3355 528 3411 sufficiant
541 3354 581 3409 illi
594 3353 629 3408 ud
642 3352 867 3425 respondendum
879 3351 1020 3423 questioni

318 3446 391 3501 Item
407 3441 569 3498 oonoeditur
584 3441 724 3497 Gulielmo
740 3440 851 3496 Olidero
864 3445 895 3494 vt
909 3443 942 3493 12
959 3438 1073 3492 termini
1088 3455 1153 3492 oum
1170 3456 1203 3494 eo
1220 3439 1248 3493 in
1265 3457 1322 3510 quo
1338 3447 1382 3496 est
1398 3447 1428 3497 et
1444 3443 1473 3497 in

387 3548 445 3602 quo
456 3531 511 3584 fuit
526 3530 555 3583 iu
570 3527 674 3599 quibus
691 3527 846 3583 ordinarias
862 3527 996 3582 lectiones
1013 3543 1062 3596 per
1077 3527 1210 3581 maiorem
1227 3534 1336 3598 partem
1352 3530 1474 3586 audierit

387 3635 452 3673 eum
471 3615 697 3688 oppositionibus
714 3621 744 3670 et
762 3613 989 3685 responsionibus
1006 3613 1147 3668 sufficiant
1163 3613 1237 3669 eisd
1249 3616 1472 3688 respondendum

387 3707 528 3778 questioni

317 3798 392 3853 Item
415 3792 578 3850 oonoeditnr
601 3792 708 3848 Thema
732 3790 824 3846 Fowle
845 3797 877 3844 rt
901 3789 996 3845 decem
1021 3789 1135 3844 termini
1159 3790 1291 3862 eompleti
1315 3792 1345 3848 in
1369 3793 1475 3864 quibus

387 3883 542 3939 ordinarias
552 3882 686 3938 lectiones
698 3899 748 3954 per
760 3882 892 3936 maiorem
906 3885 1015 3951 partem
1032 3878 1153 3934 audierit
1168 3897 1233 3934 oum
1250 3883 1473 3954 oppositionibus

387 3978 416 4030 et
428 3972 656 4044 responsionibus
669 3971 813 4042 requisitis
825 3969 966 4026 sufficiant
978 3970 1004 4024 ei
1016 3969 1052 4024 ad
1065 3968 1289 4041 respondendum
1302 3973 1443 4042 questioni

318 4065 391 4120 Item
404 4059 565 4116 oonoeditur
574 4059 710 4114 Niohoiso
720 4058 850 4130 Simpson
861 4062 893 4110 vt
901 4055 1048 4112 duodecim
1058 4056 1171 4112 termini
1184 4057 1213 4112 in
1226 4056 1329 4128 quibus
1342 4057 1474 4116 lectiones

388 4149 543 4205 ordinarias
554 4147 667 4202 audiuit
679 4165 729 4218 per
740 4145 874 4200 maiorem
887 4151 995 4216 partem
1008 4144 1038 4199 in
1052 4149 1113 4200 toto
1124 4162 1189 4199 oum
1206 4145 1429 4217 oppositionibus
1445 4155 1474 4203 et

388 4235 616 4310 responsionibus
628 4233 772 4305 requisItis
784 4233 925 4288 sufficiant
937 4233 962 4288 ei
974 4232 1011 4288 nd
1023 4231 1246 4304 respondendum
1259 4236 1399 4305 questioni

317 4327 423 4384 Eadem
447 4325 538 4396 gratia
561 4322 597 4377 de
620 4320 705 4376 verbo
728 4321 758 4376 in
783 4319 898 4375 verbnm
923 4319 1086 4376 oonoeditur
1110 4319 1213 4375 Briano
1236 4321 1348 4392 Baynss
1370 4321 1474 4380 Joanni

388 4413 548 4470 Aschetono
566 4415 595 4466 et
613 4409 715 4465 Ioanni
735 4407 865 4464 Godsalfe
