3344 5110
195 343 361 428 rsus-49]
632 359 746 410 usion
767 359 860 408 soor<
884 360 906 406 s

656 882 900 966 [rsus-1549]

193 1060 308 1125 Gratis
353 1062 423 1127 siue
468 1061 649 1147 peticiones
694 1083 841 1126 concesse
887 1061 922 1126 in
961 1061 1059 1147 plene
1099 1059 1381 1148 congregationes.
1400 1060 1471 1120 23⁸

281 1165 479 1254 Regentium
501 1174 536 1231 et
554 1188 620 1231 non
640 1166 826 1253 regentium
842 1188 862 1230 a
876 1165 960 1230 festo
978 1164 1147 1229 Michaelis
1161 1187 1246 1230 sono
1263 1167 1348 1228 1548

281 1293 381 1356 vsque
403 1269 444 1334 κά
472 1269 571 1335 iidem
595 1271 713 1336 festum
741 1277 862 1334 extunc
886 1269 1032 1355 proxime
1056 1290 1195 1354 sequens
1218 1267 1348 1332 doctore

280 1374 352 1460 Byll
380 1375 640 1440 vicecancellario
667 1383 702 1439 et
733 1373 897 1460 magistris
928 1373 1101 1438 Edmundo
1132 1371 1286 1438 Grendsll
1312 1381 1348 1437 et

280 1477 438 1544 Eduardo
461 1479 657 1563 Gssquoyne
680 1477 942 1563 procuratoribus

191 1635 228 1692 In
247 1637 345 1708 primis
363 1638 525 1694 conceditur
543 1643 574 1692 vt
591 1655 689 1693 omnes
706 1638 795 1708 gretie
811 1636 933 1692 admisse
949 1640 979 1692 et
995 1654 1123 1692 concesse
1140 1655 1190 1708 per
1201 1637 1347 1692 dominum

264 1725 519 1780 vicecancellarium
539 1725 667 1780 doctores
688 1725 812 1780 Modone
833 1733 863 1780 et
885 1727 980 1797 stys
998 1735 1027 1780 et
1045 1725 1193 1796 megistrus
1214 1726 1301 1780 Perne
1318 1734 1347 1781 et

262 1813 354 1884 Byrde
375 1815 486 1885 possint
509 1831 672 1869 concurrere
693 1814 722 1868 in
746 1819 869 1884 quatuor
892 1813 1152 1884 congregationibus
1176 1814 1260 1868 buius
1280 1816 1347 1869 unni

263 1900 308 1956 Its
319 1901 395 1972 quod
407 1900 512 1973 singuli
525 1901 625 1956 horum
637 1901 763 1972 quinque
776 1901 946 1956 vusnimiter
957 1902 1136 1956 consentiant

548 2339 777 2406 Bccchslsurei
800 2339 834 2404 in
858 2339 983 2404 artibus
1089 2359 1091 2364 ’

189 2538 225 2593 In
244 2539 344 2610 primis
361 2536 524 2592 conceditur
543 2535 679 2592 Nicbolso
698 2536 791 2590 Luson
809 2541 841 2591 vt
861 2540 893 2590 12
912 2536 1026 2590 termini
1044 2535 1176 2608 completi
1195 2537 1346 2608 inquibus

260 2627 393 2682 rectiones
405 2624 560 2680 ordinarius
576 2625 686 2680 audiuit
703 2641 753 2696 per
772 2625 904 2679 maiorem
922 2629 1031 2695 partem
1044 2625 1073 2680 in
1085 2629 1147 2679 toto
1158 2642 1223 2680 cum
1236 2627 1344 2698 opposi-

259 2714 385 2770 tionibus
402 2722 432 2768 et
449 2713 677 2785 responsionibus
695 2714 838 2784 requisitis
856 2714 1000 2768 sufficient
1020 2713 1046 2768 ei
1067 2713 1102 2769 ud
1121 2714 1344 2786 respondendum

259 2802 399 2874 questioni

188 2891 295 2946 Eadem
317 2892 408 2961 gretie
431 2889 467 2944 de
491 2889 575 2945 verbo
600 2889 629 2944 in
654 2888 771 2944 verbum
795 2889 959 2945 conceditur
989 2889 1162 2946 Christofero
1193 2891 1345 2947 Emersono

260 2979 383 3034 Henrioo
396 2978 471 3033 Msio
483 2978 591 3033 Thorne
602 2977 725 3033 Willsno
741 2977 848 3033 Tbome
863 2973 1004 3050 Tempson
1016 2981 1046 3032 st
1059 2978 1198 3034 Richsrdo
1209 2980 1345 3051 Smytbeo

188 3068 264 3123 Item
280 3065 443 3122 conceditur
458 3067 562 3121 Jocnni
579 3065 709 3136 Josselyu
722 3071 754 3120 vt
768 3065 897 3120 vndoeim
910 3067 1023 3120 termini
1036 3084 1101 3121 cum
1113 3069 1234 3123 termmo
1246 3070 1275 3124 in
1287 3087 1344 3140 quo

257 3154 497 3210 determinaturus
514 3157 559 3208 est
577 3153 606 3207 in
628 3152 732 3223 quibus
750 3152 884 3208 lectiones
901 3152 1058 3208 ordinaries
1076 3154 1186 3210 audiuit
1204 3157 1269 3211 licet
1288 3176 1343 3213 non

258 3244 373 3298 omuino
385 3241 538 3296 secundum
558 3242 677 3295 formem
690 3240 793 3295 statuti
805 3257 870 3294 curn
883 3240 1106 3312 oppositionibus
1118 3249 1148 3296 et
1159 3247 1343 3315 roeponsioni-

257 3329 311 3385 bus
322 3329 467 3401 requisitis
478 3329 620 3383 sufficient
632 3329 657 3383 ei
670 3328 706 3383 κά
720 3327 943 3400 respondendum
956 3330 1096 3398 questioni

187 3419 293 3474 Eadem
306 3419 396 3489 grstia
407 3419 443 3472 de
455 3415 540 3471 verbo
552 3417 582 3471 in
596 3415 711 3470 verbum
726 3414 890 3470 conceditur
901 3415 919 3469 J
920 3417 1005 3472 cunni
1019 3417 1160 3489 Kyddsllo

187 3507 261 3563 Item
273 3506 435 3561 conceditur
448 3503 588 3558 Ricbsrdo
601 3503 713 3576 Gyidon
723 3509 754 3558 vt
767 3503 914 3559 duodecim
927 3505 1041 3560 termini
1054 3505 1082 3560 in
1096 3506 1199 3577 quibus
1211 3508 1343 3564 lectiones

257 3593 414 3650 ordinarius
425 3593 537 3648 sudiuit
551 3609 602 3663 per
617 3593 750 3647 maiorem
763 3597 873 3663 psrtern
885 3591 915 3646 in
928 3597 989 3647 toto
1001 3610 1065 3648 cum
1077 3595 1301 3665 oppositionibus
1312 3605 1343 3653 et

256 3682 483 3753 responsionibus
494 3682 639 3752 requisitis
652 3681 794 3736 sufficiunt
804 3682 831 3736 ei
843 3681 879 3736 ed
892 3682 1117 3753 respondendum
1130 3687 1271 3756 questioni

185 3773 292 3830 Eadem
310 3771 401 3843 gratis
419 3770 455 3824 de
475 3769 561 3826 verbo
584 3771 614 3825 in
638 3770 755 3826 verbum
779 3771 941 3826 conceditur
965 3763 1087 3844 Hugoni'
1102 3773 1177 3846 Glyn
1202 3776 1341 3832 Gulielmo

255 3860 373 3932 Dskyns
386 3857 534 3914 Francisco
547 3856 723 3930 Bubingtono
735 3867 765 3912 et
777 3859 895 3929 Georgio
908 3859 1039 3915 Burdono

185 3948 260 4004 ltem
281 3946 444 4002 conceditur
463 3946 591 4000 Antonio
610 3945 692 4001 Helle
710 3951 742 4000 vt
762 3951 792 4000 ll
813 3946 928 4000 termini
946 3945 991 4000 bic
1008 3951 1039 4000 et
1056 3947 1172 4003 Oxoniis
1189 3949 1219 4003 in
1237 3951 1340 4021 quibus

254 4035 387 4090 lectiones
401 4034 558 4090 ordinaries
571 4034 683 4089 audiuit
699 4051 750 4104 per
766 4035 900 4088 maiorem
917 4039 1026 4104 purtem
1039 4035 1068 4088 in
1081 4039 1142 4089 toto
1153 4053 1218 4091 cum
1230 4041 1339 4114 opposi.

255 4123 381 4180 tionibus
398 4128 429 4179 et
446 4121 674 4195 responsionibus
691 4122 835 4193 requisitis
852 4121 993 4176 sufficiunt
1013 4123 1039 4177 ei
1058 4123 1094 4177 sd
1115 4125 1338 4195 respondendum

254 4213 395 4283 questioni

184 4302 258 4357 Item
281 4300 445 4357 conceditur
470 4299 609 4355 Richsrdo
638 4299 720 4354 Poole
744 4302 777 4353 vt
808 4303 841 4353 10
871 4299 982 4354 termini
1014 4300 1044 4354 in
1073 4301 1177 4371 quibus
1207 4303 1339 4360 lectiones

253 4391 409 4450 ordinarios
426 4387 538 4444 audiuit
555 4389 622 4444 licet
636 4405 693 4443 non
710 4389 825 4442 omnino
842 4389 997 4443 secrindum
1016 4391 1134 4444 formem
1153 4393 1255 4445 statuti
1273 4411 1337 4449 cum
