3394 5114
185 327 349 410 1568-69]
623 339 736 387 esaon
760 340 853 387 soon
877 341 899 387 a
1279 327 1340 392 227

252 497 342 567 gradu
354 501 383 552 et
395 498 485 552 forma
497 497 660 551 doctoratus
672 495 701 548 in
716 493 813 549 eadem
827 495 963 549 facultate
975 499 1004 550 et
1016 496 1187 551 admittatur
1204 496 1240 550 ad
1256 497 1341 568 placi-

255 590 316 639 tum
333 591 362 638 et
379 586 417 639 sit
434 590 500 639 actu
520 583 617 637 doctor
637 599 692 636 non
713 581 894 636 obstantibus
914 581 1130 652 quibuscunque
1150 585 1270 637 statutis
1290 589 1342 638 aut

256 673 507 728 consuetudinibus
524 671 608 726 istius
621 670 815 724 universitatis
826 671 868 724 sic
880 675 975 726 tamen
989 675 1021 726 vt
1033 673 1199 726 convivetur
1215 676 1245 726 et
1261 672 1342 726 satis-

256 762 342 818 faciat
354 763 495 818 officiariis
534 763 718 816 Presentatus
730 778 781 830 per
793 761 936 815 doctorem
949 761 1038 815 Perne
1074 761 1214 816 admissus
1227 760 1324 815 eodem

186 850 358 906 Conceditur
380 856 414 905 25
436 851 533 906 Martii
556 851 692 920 magistro
714 849 834 904 Ricardo
859 849 1005 904 Coortesse
1029 850 1144 904 ecclesie
1168 848 1344 904 Cathedralis

256 939 439 995 Cicestrensis
450 939 555 994 decano
567 944 600 995 vt
612 938 741 994 studium
751 944 791 992 4⁰¹
802 957 939 994 annomm
953 941 982 994 in
996 939 1136 1010 theologia
1148 947 1213 1010 post
1224 937 1343 1009 graium

257 1027 490 1082 bachalaureatus
515 1028 545 1081 in
568 1026 666 1081 eadem
693 1026 830 1081 facultate
855 1031 1018 1097 susceptum
1047 1045 1111 1080 cum
1135 1044 1192 1081 vno
1216 1042 1344 1080 sermone

256 1116 292 1170 ad
310 1116 417 1170 clerum
434 1115 603 1187 perficiendo
621 1115 696 1170 infre
717 1132 825 1169 annum
844 1133 894 1169 sue
912 1114 1092 1170 admissionis
1111 1115 1164 1170 sub
1182 1132 1255 1185 pena
1273 1113 1313 1184 iiij
1323 1113 1343 1166 li

257 1205 387 1275 ponenda
404 1205 433 1259 in
453 1205 584 1260 manibus
602 1209 816 1276 procuratorum
834 1209 900 1258 ante
918 1205 978 1259 eius
996 1205 1197 1260 admissionem
1211 1209 1241 1259 et
1256 1204 1344 1258 altero

257 1293 293 1348 ad
311 1311 421 1348 crucem
440 1294 498 1349 divi
516 1294 596 1348 Pauli
613 1294 735 1348 sufficiat
753 1293 779 1347 ei
798 1292 833 1347 ad
852 1293 1042 1365 incipiendum
1062 1295 1091 1348 in
1108 1312 1187 1349 sacra
1204 1293 1345 1364 theologia

257 1381 299 1434 ita
316 1383 348 1434 vt
369 1381 429 1434 eius
450 1380 584 1435 admissio
606 1384 663 1436 stet
684 1398 734 1450 pro
756 1379 904 1451 eompletis
921 1380 1010 1451 gradu
1026 1386 1056 1436 et
1073 1382 1165 1436 forma
1179 1380 1344 1435 doctoratus

255 1466 285 1520 in
309 1466 407 1522 eadem
430 1467 566 1522 facultate
588 1473 618 1523 et
637 1467 807 1522 admittatur
829 1467 864 1522 ad
885 1468 1023 1539 placitum
1042 1469 1102 1523 eive
1123 1469 1168 1524 hic
1186 1469 1247 1523 sive
1265 1471 1343 1522 extra

256 1555 470 1610 vniuersitatem
478 1575 495 1610 a
505 1556 619 1610 domino
632 1556 848 1628 procancellario
860 1561 911 1610 aut
923 1556 978 1611 alio
990 1558 1103 1612 doctore
1119 1557 1244 1612 eiusdem
1257 1557 1344 1612 facul·

254 1642 324 1696 tatis
332 1659 381 1712 per
389 1641 536 1697 dominum
549 1643 800 1713 procancellarium
807 1642 976 1713 assignando
1007 1644 1126 1714 (peregit
1138 1644 1233 1698 omnia
1242 1646 1341 1716 marg.)

187 1725 271 1783 Mem.
286 1727 361 1798 quod
377 1728 452 1783 idem
468 1731 602 1800 magister
617 1729 754 1783 Ricardus
771 1728 917 1784 Coortesse
933 1729 1074 1784 admissus
1091 1734 1135 1784 est
1155 1729 1190 1784 ad
1207 1731 1344 1801 premissa

255 1832 306 1885 per
333 1817 500 1886 magistrum
525 1816 684 1872 Gabrielem
710 1805 856 1870 Coodman
887 1834 964 1871 sacre
995 1817 1132 1887 theologie
1160 1818 1343 1888 professorem

255 1902 393 1956 decanum
405 1903 520 1957 ecclesie
532 1905 592 1958 sive
608 1903 715 1973 collegii
730 1903 1040 1958 westmonasteriensis
1057 1903 1226 1974 deputatum
1243 1905 1343 1974 magis-

256 1990 293 2042 tri
313 1989 452 2043 Johannis
473 1989 590 2060 Younge
612 1990 821 2061 procancellarii
843 1989 985 2045 antedicte
1006 1991 1201 2046 vniuersitatis
1222 1991 1344 2046 secundo

256 2076 302 2131 die
321 2077 425 2132 mensis
444 2077 553 2148 Aprilis
571 2095 646 2131 anno
665 2077 772 2131 domini
794 2081 862 2132 1569
881 2079 911 2132 in
930 2096 1041 2133 camera
1058 2079 1140 2133 solite
1158 2079 1344 2134 habitationis

257 2165 325 2220 dicti
344 2166 484 2221 Gabrielis
501 2166 583 2236 vulgo
600 2171 763 2237 nuncupate
780 2167 938 2222 Jerusalem
955 2167 985 2220 in
1002 2168 1253 2223 Westmonasterio
1270 2169 1345 2222 inter

258 2254 341 2309 horas
356 2255 533 2309 vndecimam
549 2258 578 2308 et
594 2254 789 2309 duodecimam
802 2255 830 2309 in
849 2255 992 2325 presentia
1008 2255 1136 2310 Godfridi
1153 2255 1282 2311 Codman
1298 2256 1342 2310 J0.

258 2344 382 2398 Thomas
403 2353 432 2398 et
455 2343 528 2414 Hug.
549 2343 697 2414 Bascafyld
720 2345 837 2398 testium
859 2343 895 2398 ad
916 2344 969 2398 hoc
989 2344 1190 2413 requisitorum
1211 2348 1244 2398 vt
1264 2347 1344 2414 patet

257 2431 329 2504 [per]
346 2433 442 2486 literas
458 2433 662 2487 testimoniales
678 2431 804 2487 eiusdem
821 2431 959 2486 Gabrielis
976 2440 1105 2502 gerentes
1121 2432 1221 2487 datum
1238 2432 1282 2503 iij⁰
1297 2433 1343 2487 die

259 2521 363 2575 mensis
377 2521 395 2574 J
398 2521 456 2574 unii
472 2537 546 2574 anno
561 2521 639 2590 regni
654 2521 749 2590 regine
766 2519 928 2574 Elisabethe
945 2520 1092 2574 vndecimo
1110 2521 1236 2591 signatas
1252 2521 1344 2591 sigillo

257 2608 326 2663 dieti
340 2608 478 2663 Gabrielis
488 2614 517 2662 et
529 2613 708 2662 remanentes
720 2608 796 2679 apud
807 2609 968 2678 Registrum
981 2608 1057 2662 dicte
1069 2609 1264 2663 uniuersitatis

188 2695 358 2751 Conceditur
370 2700 386 2750 3
399 2696 416 2750 J
421 2696 479 2750 unii
493 2696 627 2766 magistro
641 2695 781 2750 Willelmo
794 2695 956 2749 Che-darton
969 2702 1001 2749 vt
1012 2695 1141 2750 studium
1154 2695 1242 2751 trium
1257 2715 1342 2750 anno·

258 2803 322 2839 rum
342 2785 372 2839 in
395 2784 535 2854 theologia
556 2790 621 2856 post
642 2784 759 2854 madum
782 2783 1017 2838 bachalaureatus
1038 2784 1067 2836 in
1090 2784 1188 2838 eadem
1209 2784 1343 2839 facultate

258 2878 420 2943 susceptum
433 2872 500 2926 licet
517 2890 572 2926 non
589 2872 712 2926 audierit
728 2873 862 2926 lectiones
879 2871 1036 2926 ordinarias
1052 2872 1207 2926 secundum
1224 2874 1343 2927 formam

257 2965 430 3016 statutorum
443 2978 507 3014 cum
520 2960 744 3031 oppositionibus
753 2957 930 3013 sermonibus
942 2965 971 3013 et
981 2961 1160 3030 responsione
1170 2961 1199 3014 in
1210 2961 1344 3031 vesperiis

258 3050 449 3120 proximorum
461 3049 639 3103 comitiorum
655 3053 685 3103 et
699 3048 762 3102 aliis
777 3048 916 3102 exercitiis
933 3065 983 3118 per
999 3053 1109 3102 statuta
1126 3049 1269 3119 requisitis
1285 3050 1343 3104 suf·

257 3139 333 3193 ficiat
345 3139 372 3193 ei
384 3138 420 3192 ad
433 3138 623 3209 incipiendum
633 3139 663 3191 in
673 3155 752 3192 sacra
765 3136 905 3206 theologia
942 3137 1126 3192 Prosentatus
1138 3156 1187 3209 per
1199 3138 1341 3193 doctorem

258 3226 401 3297 Whitgyft
411 3231 441 3280 et
453 3226 593 3281 admissus
605 3225 702 3280 eodem

188 3313 358 3370 Conceditur
372 3318 405 3369 19
418 3313 586 3369 Novembris
598 3315 733 3384 magistro
745 3315 763 3368 J
765 3332 789 3368 0.
804 3313 917 3368 Walksr
931 3319 963 3369 vt
979 3314 1107 3368 studium
1125 3313 1189 3384 iiijor
1205 3333 1343 3369 annorum

259 3403 289 3457 in
301 3403 441 3473 theologia
455 3407 520 3473 post
535 3402 654 3472 gradum
670 3401 904 3456 bachalaureatus
921 3402 951 3456 in
967 3401 1065 3455 eadem
1082 3401 1217 3456 facultate
1233 3420 1343 3474 suscep·

258 3497 321 3545 tum
338 3508 404 3545 cum
419 3489 643 3562 oppositionibus
656 3489 886 3560 responsionibus
898 3489 1075 3544 sermonibus
1087 3493 1116 3543 et
1128 3490 1191 3543 aliis
1203 3491 1343 3544 exercitiis

258 3597 308 3650 per
323 3584 435 3635 statuta
451 3580 595 3650 requisitis
613 3579 735 3633 sufficiat
752 3579 778 3632 ei
796 3579 832 3632 ad
851 3577 1042 3649 incipiendum
1060 3578 1091 3631 in
1109 3595 1187 3632 sacra
1205 3578 1344 3648 theologia

263 3668 446 3722 Prsssntatus
457 3685 508 3738 per
519 3668 661 3722 doctorem
674 3667 816 3738 Whitgyft
827 3671 857 3720 et
868 3665 1008 3720 admissus
1022 3671 1039 3719 3
1051 3666 1068 3719 J
1070 3666 1179 3720 anuarii

189 3757 295 3812 Eadem
307 3757 398 3827 gratia
410 3756 573 3810 conceditur
586 3760 619 3811 19
632 3755 801 3810 Novembris
817 3757 951 3825 magistro
964 3756 1044 3810 Geor.
1054 3753 1192 3809 Cardiner
1229 3754 1343 3809 Presen·

258 3849 337 3900 tatus
348 3863 399 3916 per
409 3845 551 3901 doctorem
565 3845 655 3900 Kelke
667 3849 697 3899 et
708 3844 849 3900 admissus
862 3849 890 3899 2⁰
902 3845 920 3898 J
921 3843 972 3899 ulii
