3394 5114
754 338 868 386 aanor
891 340 983 388 soor
1008 342 1030 388 Δ
1053 272 1056 280 Ι
1310 326 1477 410 [1569-70

743 711 829 778 Ordo
852 711 1052 777 senioritatis

496 899 537 952 Mr
550 899 627 968 Kiug
803 899 845 952 lldr
857 897 995 953 Howland

494 987 535 1040 Mr
548 988 629 1041 Noke
799 988 841 1041 Mr
854 987 983 1058 Rolreray

495 1075 537 1128 Mr
549 1075 641 1130 Oooke
800 1075 988 1146 M¹Grundye

493 1163 656 1218 Mrrourde
799 1165 839 1218 Mr
851 1164 979 1220 Johnson

494 1252 536 1307 ΜΙΓ
548 1251 672 1308 Holland
798 1253 840 1307 ΜΓ
853 1253 926 1325 Styll

696 1605 853 1670 Doctores
875 1605 910 1669 in
933 1604 1098 1691 theologia

318 1805 488 1863 Conceditur
500 1811 533 1866 17
547 1807 693 1868 Februarii
711 1807 847 1879 magistro
864 1807 932 1862 Tho.
951 1807 1063 1864 Wattes
1078 1809 1275 1865 archidiacono
1292 1809 1427 1866 Midlesex
1443 1815 1476 1866 vt

386 1895 514 1951 studium
528 1913 695 1951 sannorum
711 1896 741 1950 in
758 1895 898 1966 theologia
915 1899 1066 1968 postquam
1083 1898 1186 1952 rexerit
1202 1898 1231 1952 in
1248 1897 1358 1953 artibus
1374 1915 1438 1953 oum
1455 1917 1474 1952 x

385 1983 561 2039 sermonibus
581 1984 617 2039 ad
639 1983 775 2055 populum
795 1983 972 2054 perficiendis
993 1985 1067 2038 infra
1088 2001 1196 2039 annum
1218 2003 1268 2040 sue
1292 1985 1472 2040 admissionis

385 2072 507 2127 sufficiat
524 2072 550 2127 ei
568 2072 603 2127 ad
622 2072 815 2144 incipiendum
834 2073 865 2127 in
883 2089 962 2128 sacra
981 2073 1122 2143 theologia
1140 2074 1181 2128 sio
1200 2078 1233 2128 vt
1250 2074 1312 2130 eiua
1335 2074 1471 2129 admissio

386 2165 445 2215 stet
461 2177 513 2231 pro
530 2160 677 2231 completis
697 2161 786 2231 gradu
807 2165 837 2215 et
858 2161 948 2215 forma
971 2159 1136 2216 doctoratus
1159 2161 1189 2215 in
1214 2161 1312 2217 eadem
1336 2162 1473 2217 facultate

386 2249 518 2319 quoniam
537 2247 692 2319 impeditus
710 2249 820 2319 magnis
837 2248 961 2319 negociis
978 2247 1033 2304 sibi
1055 2266 1105 2320 per
1126 2249 1269 2318 regineam
1292 2249 1470 2304 maiestatem

385 2337 542 2392 commissis
554 2355 609 2391 non
623 2341 718 2409 potest
726 2337 861 2408 proximis
873 2337 996 2392 comitiis
1008 2336 1144 2392 interesse
1179 2337 1362 2392 Presentatus
1373 2337 1471 2394 eodem

386 2443 436 2496 per
447 2425 590 2480 doctorem
602 2425 778 2496 Whitsgyfts

179 2503 197 2560 f·
218 2504 303 2561 1022
315 2513 486 2569 Conceditur
503 2518 537 2568 24
553 2513 662 2584 Aprilis
678 2513 812 2584 magistro
829 2511 898 2568 Tho.
918 2511 1016 2582 Lakyn
1034 2516 1066 2566 vt
1083 2511 1212 2567 studium
1232 2516 1264 2566 12
1282 2530 1422 2569 annorum
1441 2515 1471 2570 in

386 2602 525 2673 theologia
540 2607 692 2674 postquam
707 2602 810 2656 rexerit
825 2601 854 2655 in
870 2599 980 2656 artibus
997 2618 1062 2655 cum
1080 2600 1118 2671 xij
1137 2600 1314 2656 sermonibus
1330 2601 1366 2657 ad
1383 2620 1471 2674 popu·

385 2691 445 2746 lum
457 2691 579 2746 sufficiat
591 2691 617 2745 ei
629 2690 666 2744 ad
678 2688 872 2759 incipiendum
885 2689 914 2743 in
928 2688 1069 2760 theologia
1083 2689 1124 2744 sic
1138 2693 1171 2743 vt
1187 2689 1249 2744 eius
1263 2689 1397 2745 admissio
1413 2696 1472 2746 stet

385 2797 436 2851 pro
452 2779 600 2851 completis
612 2778 700 2849 gradu
714 2785 743 2832 et
755 2779 846 2832 forma
858 2777 1022 2832 doctoratus
1035 2779 1064 2832 in
1077 2777 1174 2834 eadem
1188 2779 1324 2833 facultate
1336 2779 1470 2850 quoniam

384 2875 500 2940 propter
511 2869 626 2939 negocia
637 2885 689 2922 sua
706 2867 842 2938 proximis
857 2867 981 2922 comitiis
998 2869 1134 2922 interesse
1151 2885 1207 2922 non
1224 2872 1320 2938 potest
1357 2869 1471 2923 Presen-

385 2962 463 3012 tetus
475 2957 572 3011 eodem
585 2974 636 3027 per
647 2957 791 3012 doctorem
805 2955 979 3026 Whitegylte

314 3046 485 3102 Conceditur
504 3050 537 3101 10
553 3045 570 3100 J
574 3045 633 3100 unii
653 3047 787 3116 magistro
806 3045 887 3100 Edm.
907 3044 1011 3098 Freeke
1030 3044 1169 3098 sacellano
1185 3043 1300 3099 domine
1317 3044 1423 3115 Regina
1439 3051 1470 3100 vt

384 3134 511 3190 studium
531 3139 566 3190 20
581 3151 721 3188 annorum
738 3135 768 3188 in
785 3133 926 3202 theologia
942 3136 1094 3202 postquem
1111 3131 1216 3186 rexerit
1232 3131 1262 3186 in
1279 3129 1389 3187 artibus
1405 3149 1470 3187 cum

385 3219 421 3291 xij
445 3218 622 3274 sermonibus
640 3218 676 3273 ad
695 3218 831 3289 populum
849 3233 969 3287 quorum
989 3233 1062 3270 vnus
1080 3217 1119 3271 sit
1138 3217 1167 3270 in
1189 3215 1305 3270 ecclesia
1328 3215 1470 3272 academie

384 3315 451 3362 ante
466 3305 581 3360 comitia
597 3305 725 3376 proxima
741 3303 863 3358 sufficiat
878 3303 904 3357 ei
921 3302 957 3356 ad
976 3302 1169 3372 incipiendum
1185 3303 1216 3356 in
1232 3319 1311 3356 sacra
1331 3302 1470 3373 theologia

384 3394 424 3448 sic
437 3396 468 3446 vt
480 3393 541 3447 eius
552 3391 686 3446 admissio
699 3395 756 3445 stet
771 3407 822 3461 pro
837 3390 985 3460 completis
1001 3389 1090 3460 gradu
1105 3393 1134 3445 et
1150 3389 1241 3444 forma
1258 3389 1422 3445 doctoratus
1438 3390 1469 3445 in

384 3483 480 3538 eadem
492 3481 627 3535 facultate

307 3569 484 3628 'Conceditur
495 3574 530 3625 ³0
542 3570 622 3624 Junii
635 3569 725 3624 eidem
739 3569 874 3639 magistro
891 3567 973 3622 Edm.
988 3567 1093 3622 Freelrc
1110 3567 1155 3621 oui
1172 3566 1364 3638 superioribus
1381 3567 1469 3623 hiisce

383 3659 483 3714 diebus
503 3659 681 3712 concessistis
698 3657 819 3728 gratiam
838 3655 874 3711 ad
899 3654 1089 3726 incipiendum
1109 3653 1138 3708 in
1158 3671 1237 3709 sacra
1255 3654 1396 3724 theologia
1419 3673 1470 3727 per

384 3747 497 3817 negocia
510 3745 630 3816 quedam
647 3763 696 3815 per
712 3745 863 3814 Regineam
881 3743 1059 3798 maiestatem
1076 3742 1117 3797 illi
1133 3743 1284 3797 commissa
1301 3761 1357 3798 non
1373 3751 1470 3814 posset

385 3837 413 3890 in
427 3835 550 3906 presenti
563 3833 599 3888 ad
611 3833 785 3888 academiam
796 3831 926 3887 accedere
942 3831 1017 3886 sicut
1032 3837 1216 3902 proposuerat
1234 3831 1327 3902 placet
1343 3831 1423 3886 vobis
1437 3839 1470 3888 vt

384 3925 480 3981 correio
492 3923 527 3978 ad
540 3941 626 3993 quam
638 3923 747 3978 ratione
759 3921 884 3977 eiusdem
897 3919 1083 3974 concessionis
1095 3925 1209 3974 tenetur
1221 3920 1311 3990 possit
1322 3919 1427 3975 differri
1439 3923 1469 3977 in

384 4013 506 4068 reditum
522 4011 646 4066 eiusdem
662 4011 790 4081 magistri
806 4009 885 4064 Edm.
900 4009 1004 4063 Freelre
1020 4015 1049 4062 et
1067 4017 1098 4062 vt
1116 4009 1204 4080 possit
1219 4008 1334 4064 admitti
1351 4027 1417 4064 cum
1432 4011 1468 4066 ad

383 4101 556 4156 academiam
571 4099 720 4154 accesserit
735 4099 772 4153 ad
787 4098 923 4169 placitum
939 4097 999 4150 sive
1015 4097 1044 4150 in
1061 4097 1183 4152 termino
1201 4098 1261 4152 sive
1276 4102 1356 4152 extra
1374 4100 1470 4154 termi-

383 4208 452 4245 num
471 4188 555 4244 modo
573 4187 602 4243 id
621 4189 672 4242 fiat
690 4193 756 4242 ante
775 4187 879 4241 festum
899 4185 1020 4240 Dionisii
1037 4186 1196 4255 proximum
1212 4189 1242 4239 et
1259 4185 1424 4240 convivetur
1440 4188 1468 4240 in

383 4281 505 4336 comitiis
522 4279 606 4333 huius
622 4278 690 4333 anni
728 4278 911 4332 Prosentatus
926 4278 961 4329 20
973 4274 1095 4345 Augusti
1109 4291 1158 4346 per
1169 4274 1313 4332 doctorem
1326 4274 1469 4348 Whitgyft

383 4383 412 4425 et
424 4369 565 4424 admissus
578 4367 673 4422 eodem
