3394 5114
222 354 386 441 1567-68]
660 369 773 420 ossen
795 368 885 418 soon
910 370 933 417 a
1313 353 1375 418 215

222 527 397 583 Conceditur
408 530 444 581 30
455 526 583 580 Januarii
600 526 735 596 magistro
749 523 856 579 Jacobo
873 523 952 594 Ellys
968 530 1000 577 vt
1015 523 1142 578 studium
1159 527 1175 580 7
1190 541 1328 578 annomm
1345 523 1376 578 in

290 615 307 669 J
311 632 360 668 me
375 614 453 668 ciuili
465 631 529 668 oum
542 611 768 684 oppositionibus
780 617 825 667 etc
837 611 959 666 sufficiat
971 611 997 665 oi
1010 610 1047 666 sd
1060 611 1252 682 incipiendum
1265 613 1295 666 in
1307 612 1324 666 J
1326 628 1377 667 ure

291 702 367 756 civili

361 791 543 844 Presentatus
555 807 605 860 per
616 789 758 844 doctorem
772 790 879 844 Master
891 792 908 842 4
919 787 938 841 J
940 787 1000 841 unii

221 877 392 933 Conceditur
405 881 420 933 7
434 877 503 932 Maii
517 881 548 932 vt
562 878 707 948 responsio
724 877 761 932 ad
777 894 863 948 quam
879 880 994 930 tenetur
1010 876 1118 930 ratione
1134 875 1238 946 gradus
1254 876 1300 931 sui
1316 893 1376 929 sus·

291 962 412 1034 cipisndi
424 964 514 1034 possit
526 965 620 1034 peragi
632 964 662 1018 in
675 964 810 1034 vesperiis
822 963 1003 1017 comitiorum

569 1320 783 1385 Bachalaurei
805 1319 840 1384 in
863 1319 1027 1406 theologia

223 1503 392 1561 Conceditur
404 1511 439 1560 74
452 1505 582 1562 Octobris
594 1508 729 1576 magistro
742 1506 792 1561 Ed.
804 1507 918 1578 Deryng
927 1510 959 1560 vt
968 1505 1096 1561 studium
1105 1505 1231 1576 quinque
1239 1519 1377 1558 annorum

293 1594 323 1646 in
335 1593 475 1664 theologia
487 1597 638 1664 postquem
650 1594 754 1647 rexerit
772 1594 802 1647 in
818 1591 929 1647 artibus
945 1609 1011 1647 cum
1025 1590 1256 1663 oppositionibus·
1265 1605 1377 1660 respon·

293 1677 419 1733 sionibus
436 1679 612 1733 sermonibus
628 1684 658 1732 et
674 1679 736 1733 aliis
753 1679 893 1734 exercitiis
911 1695 961 1749 per
979 1683 1090 1733 statuta
1108 1678 1252 1749 requisitis
1271 1674 1377 1747 perfici·

293 1767 373 1821 endis
390 1767 464 1822 inira
481 1783 588 1822 annum
599 1785 650 1821 sue
663 1767 841 1822 admissionis
854 1767 907 1821 sub
920 1783 993 1836 pena
1004 1785 1022 1820 x
1030 1765 1050 1820 li
1063 1765 1193 1837 ponende
1205 1767 1234 1819 in
1247 1762 1378 1820 maribus

294 1858 508 1923 procuratorum
520 1859 587 1909 aute
599 1855 660 1909 eius
671 1855 872 1908 admissionem
884 1855 1006 1908 sufficiet
1017 1855 1043 1908 ei
1056 1860 1116 1908 tam
1128 1853 1165 1908 ad
1178 1851 1377 1924 opponendum

293 1959 379 2012 quam
392 1943 427 1997 ad
439 1943 603 1997 intrandum
616 1944 646 1996 in
658 1961 737 1997 sacre
750 1942 889 2013 theologia
925 1944 1044 2014 (peregit
1056 1943 1150 1996 omnia
1162 1941 1261 2014 uturp.)

368 2031 549 2086 Presentatus
561 2049 612 2102 per
623 2030 765 2086 doctorem
779 2031 913 2086 Hawford
925 2037 954 2085 et
963 2030 1104 2086 admissus
1115 2030 1212 2085 eodem

224 2113 394 2170 Conceditur
406 2121 440 2170 28
453 2117 622 2172 Novembris
634 2118 769 2187 magistro
781 2117 829 2170 W⁰
844 2117 951 2170 Foulke
968 2121 1000 2170 vt
1014 2115 1141 2170 studium
1162 2119 1178 2167 t
1195 2131 1333 2169 annorum
1348 2113 1377 2166 in

294 2203 434 2274 theologia
446 2209 596 2275 postquam
609 2205 711 2260 rexerit
724 2205 754 2258 in
766 2202 875 2258 artibus
887 2221 953 2257 cum
965 2202 1189 2274 oppositionibus
1201 2206 1246 2255 etc
1257 2200 1378 2255 sufficiat

293 2291 319 2344 ei
329 2296 389 2346 tem
399 2293 434 2346 ad
444 2293 641 2362 opponendum
649 2311 735 2364 quam
745 2291 781 2347 ad
790 2291 955 2346 intrandum
964 2293 994 2346 in
1004 2309 1082 2346 sacre
1089 2290 1230 2360 theologis
1260 2287 1379 2360 (peregit

295 2381 390 2435 omnia
402 2383 502 2453 marg.)

225 2468 396 2524 Conceditur
409 2474 442 2524 13
452 2469 598 2524 Februarii
611 2470 745 2539 magistro
756 2469 892 2523 Nicholao
902 2467 1027 2538 Shepard
1038 2471 1069 2522 vt
1078 2466 1206 2522 studium
1216 2469 1231 2522 7
1241 2482 1378 2520 annorum

294 2558 323 2611 in
336 2558 474 2628 theologia
485 2565 637 2629 postquem
649 2559 753 2614 rexerit
764 2559 794 2611 in
807 2557 917 2612 artibus
934 2574 999 2612 cum
1017 2555 1242 2628 oppositionibus
1258 2559 1303 2609 etc
1318 2571 1379 2624 per·

294 2646 420 2700 finiendis
431 2648 505 2700 infra
517 2664 624 2701 annum
636 2665 687 2701 sue
698 2647 879 2701 admissionis
892 2645 946 2701 sub
957 2663 1030 2716 pene
1042 2646 1086 2699 xli
1103 2643 1233 2716 ponenda
1250 2649 1294 2698 etc
1313 2643 1379 2697 licet

295 2750 350 2787 non
368 2733 489 2788 audierit
503 2734 637 2789 lectiones
655 2735 810 2789 secundum
829 2737 949 2790 formam
965 2735 1068 2789 statuti
1084 2733 1205 2788 sufficiat
1221 2733 1247 2786 ei
1264 2738 1325 2786 tam
1342 2729 1379 2785 ad

295 2821 492 2892 opponendum
509 2841 595 2893 quam
612 2823 647 2878 ad
666 2823 832 2878 intrandum
849 2824 878 2877 in
897 2840 976 2878 sacra
991 2823 1131 2892 theologia
1147 2823 1188 2877 sic
1205 2828 1237 2878 vt
1254 2822 1315 2875 eius
1330 2819 1379 2874 ad·

295 2909 391 2963 missio
403 2915 461 2963 stet
472 2927 523 2980 pro
535 2911 674 2981 completo
685 2910 775 2981 gradu
786 2916 817 2964 et
830 2929 885 2965 non
898 2915 1024 2964 arctetur
1033 2910 1069 2965 ad
1080 2927 1188 2965 moram
1197 2911 1226 2965 in
1236 2908 1380 2964 academia

296 2995 462 3050 trahendam
475 2996 554 3050 iuxta
566 2998 718 3067 antiquum
730 3001 870 3052 statutum
908 2998 1026 3068 (peregit
1038 2998 1133 3052 omnia
1145 2997 1244 3069 marg.)

368 3085 550 3138 Presentatus
562 3084 659 3138 eodem
672 3101 722 3155 per
733 3084 876 3138 doctorem
890 3085 1068 3156 Wightgylte
1081 3088 1110 3139 et
1121 3083 1263 3138 admissus

226 3170 395 3227 Conceditur
407 3176 435 3224 4⁰
447 3172 464 3225 J
469 3172 526 3225 unii
540 3172 674 3241 magistro
691 3170 760 3225 Rob.
774 3172 854 3226 West
870 3177 903 3224 vt
920 3171 1047 3226 studium
1065 3174 1081 3227 7
1098 3188 1237 3225 annorum
1254 3171 1284 3224 in
1300 3170 1379 3224 theo·

297 3261 369 3330 logie
380 3265 531 3331 postquam
544 3261 646 3315 rexerit
663 3261 693 3316 in
708 3262 818 3334 artibus
836 3279 900 3315 cum
918 3259 1142 3332 oppositionibus
1157 3265 1201 3314 oto
1217 3260 1339 3315 sufficiet
1353 3259 1378 3313 ei

296 3355 356 3403 tam
374 3348 410 3403 ad
426 3349 624 3419 opponendum
642 3366 729 3420 quam
747 3348 783 3403 ad
803 3349 967 3404 intrandum
986 3351 1016 3403 in
1035 3367 1115 3404 sacra
1132 3349 1272 3418 theologia
1289 3349 1331 3402 sic
1348 3351 1381 3402 vt

297 3437 392 3491 omnia
409 3437 546 3507 premissa
564 3442 679 3508 peragat
697 3437 771 3492 infra
789 3454 896 3491 annum
914 3435 968 3491 sub
985 3454 1058 3507 pene
1072 3437 1114 3491 xli
1150 3437 1268 3507 (peregit
1286 3435 1381 3490 omnis

298 3525 397 3596 marg.)

367 3612 517 3667 Admissus
530 3613 627 3667 eodem
640 3617 669 3667 et
681 3617 861 3684 presentatus
873 3631 923 3683 per
935 3613 1078 3668 doctorem
1090 3612 1258 3683 Wightgifte

692 3949 922 4034 Incorporatus

228 4124 398 4180 Conceditur
408 4125 500 4196 primo
512 4125 619 4196 Aprilis
631 4126 766 4196 magistro
778 4126 796 4180 J
798 4145 821 4181 o.
836 4127 980 4182 Carbrant
992 4127 1021 4182 in
1034 4127 1177 4183 academia
1189 4127 1339 4184 Oxoniensi
1352 4130 1382 4183 in

298 4212 408 4267 artibus
424 4214 559 4283 magistro
572 4217 603 4268 vt
615 4214 655 4268 sit
667 4214 714 4269 hic
726 4214 801 4285 apud
815 4233 864 4270 vos
880 4216 910 4268 in
925 4215 1031 4270 eisdem
1047 4215 1135 4287 gradu
1150 4215 1247 4270 ordine
1263 4223 1292 4271 et
1308 4235 1382 4271 anno

298 4302 402 4372 quibus
414 4302 470 4355 fuit
482 4302 510 4355 in
524 4302 601 4357 dicta
612 4303 757 4358 academia
770 4303 920 4358 Oroniensi

370 4388 522 4444 Admissus
540 4390 638 4445 eodem
