3408 5116
773 363 886 412 cnscu
910 364 1001 414 noos
1025 367 1048 414 a
1321 355 1484 439 [1576-77

710 838 866 904 Doctores
889 840 924 904 in
947 839 1110 906 medicine

329 1041 500 1098 Conceditur
520 1047 547 1098 1⁰
565 1043 709 1099 Febnrarii
728 1046 863 1116 magistro
881 1045 949 1102 Tho.
971 1045 1099 1117 Lungton
1117 1054 1149 1102 vt
1167 1047 1294 1103 studium
1314 1051 1330 1104 7
1346 1063 1484 1102 annorum

399 1131 428 1185 in
454 1131 592 1187 medicina
618 1141 768 1204 postquam
794 1133 898 1188 rexerit
918 1133 948 1188 iu
971 1133 1083 1189 artibus
1106 1151 1171 1190 cum
1195 1135 1421 1207 opposicionibus
1445 1151 1484 1188 re·

399 1221 597 1292 sponsionibus
614 1227 644 1278 et
663 1223 726 1278 aliis
745 1223 887 1278 exercitiis
906 1241 956 1295 per
974 1227 1085 1280 statuta
1103 1225 1248 1295 requisitis
1268 1224 1389 1280 sufficiat
1406 1225 1431 1279 ai
1450 1222 1485 1278 ad

400 1309 589 1381 incipiendum
607 1309 637 1364 in
657 1310 795 1366 medicina

329 1397 434 1452 Eodem
455 1399 546 1468 grstia
565 1399 728 1455 comeditur
748 1404 784 1456 30
804 1399 912 1471 Aprilis
935 1402 1070 1471 magistro
1095 1400 1218 1456 Rcberto
1243 1402 1333 1457 Bekor
1377 1406 1394 1456 8
1417 1402 1484 1457 Maii

398 1489 533 1557 magistro
548 1489 591 1543 Jo.
609 1489 708 1544 Borret
745 1493 775 1544 ll
790 1489 807 1544 J
811 1491 869 1544 unii
887 1490 1022 1560 magistro
1039 1490 1107 1545 Tho.
1125 1490 1290 1562 Randolphe
1305 1497 1335 1545 et
1352 1491 1485 1561 magistro

398 1575 516 1647 Georgio
534 1575 630 1632 Bonde
665 1576 770 1631 Omnes
789 1578 943 1649 presentari
961 1595 1011 1649 per
1027 1577 1169 1632 doctorem
1190 1577 1301 1650 lorkyn

676 2007 766 2073 Ordo
788 2008 989 2073 senioritatis
1011 2010 1140 2095 naarqin

503 2192 603 2248 Barrst
809 2194 973 2267 Raudolpha
1178 2198 1307 2268 Langtou

503 2281 581 2336 Bond
807 2285 899 2340 Beker

667 2707 899 2772 Bacchelaurei
923 2707 957 2770 iu
982 2707 1143 2791 theologia

325 2914 494 2969 Conceditur
510 2916 545 2968 26
562 2911 658 2966 Martii
677 2912 811 2982 magistro
827 2909 917 2964 ler.
935 2909 1056 2981 Tyndall
1072 2915 1103 2964 vt
1118 2910 1245 2965 studium
1265 2913 1280 2966 7
1298 2927 1436 2965 annorum
1453 2911 1482 2965 in

395 3001 533 3070 theologia
553 3003 704 3071 postquam
726 2999 828 3052 rexerit
850 2999 880 3051 in
901 2997 1010 3052 artibus
1033 3015 1097 3051 curn
1122 2996 1349 3069 opposicionibns
1370 3015 1482 3068 respou-

393 3089 520 3145 sionibus
535 3087 711 3144 sermonibus
726 3087 846 3158 aliisque
862 3087 1002 3142 exercitiis
1018 3105 1068 3158 per
1084 3091 1194 3142 statuta
1206 3087 1350 3157 requisitis
1361 3087 1483 3142 sufficiat

393 3181 419 3234 ei
436 3186 495 3234 tam
511 3178 547 3234 ud
564 3177 761 3250 opponendum
776 3194 863 3247 quam
880 3175 915 3231 sd
933 3175 1097 3231 intrandum
1110 3176 1140 3230 in
1152 3192 1233 3230 sacra
1243 3174 1382 3246 theologia
1420 3175 1482 3231 Pra-

393 3271 524 3324 sentatus
535 3285 586 3338 per
596 3266 739 3321 doctorem
753 3265 864 3319 Barrow
877 3269 912 3320 29
925 3264 1022 3319 Martii

325 3356 430 3412 Eadem
447 3355 538 3427 gratis
554 3353 717 3410 conceditur
733 3356 769 3408 ³0
780 3351 888 3424 Aprilis
905 3351 1047 3422 magistris
1063 3351 1160 3407 Frsnc
1179 3350 1306 3424 Lyndley
1320 3359 1482 3424 presentato

394 3463 445 3517 par
463 3443 605 3499 doctorem
627 3440 787 3497 Ohsdertou
813 3439 933 3496 Ricardo
957 3441 1061 3496 Mowse
1084 3443 1247 3512 presentato
1268 3458 1318 3512 per
1337 3441 1481 3497 doctorem

395 3533 522 3588 Barrowo
542 3529 586 3586 Jo.
606 3529 743 3601 (lopcotes
763 3531 926 3600 presentato
947 3545 998 3600 per
1018 3528 1160 3584 doctorem
1181 3526 1341 3583 Ohadertcn
1363 3527 1481 3584 Grillino

395 3621 516 3693 Brislryu
538 3617 661 3674 Rcberto
682 3617 781 3672 Porter
800 3617 972 3688 presentatis
992 3633 1042 3688 per
1062 3616 1205 3671 doctorem
1227 3616 1301 3688 Styll
1348 3623 1381 3674 10
1401 3619 1480 3676 Junii

394 3707 537 3779 magistris
559 3706 699 3762 Gwaltcro
719 3704 813 3760 Allein
835 3704 948 3776 (Fulke)
970 3705 1061 3760 Ovino
1082 3704 1186 3758 Davies
1207 3704 1320 3776 (ehad.)
1341 3707 1481 3763 Godfredo

394 3793 585 3850 Goldisborow
609 3792 783 3848 christoforo
804 3791 909 3847 Webhe
960 3795 992 3848 16
1016 3792 1095 3847 Junii
1126 3793 1261 3862 magistro
1286 3792 1392 3870 laccho
1415 3795 1482 3851 Colo

393 3884 471 3956 (Stil)
491 3883 625 3954 magistro
648 3882 783 3937 Nicholso
803 3881 901 3936 Hor-ne
920 3881 998 3952 (Stil)
1042 3880 1174 3936 21Junii
1196 3883 1338 3953 magistris
1358 3883 1481 3940 Roberto

392 3974 505 4045 Oooney
528 3973 606 4044 (Stil)
628 3969 751 4026 Roberto
772 3971 862 4025 Benet
883 3970 962 4039 (Stil)
983 3968 1027 4025 Jo.
1051 3969 1199 4040 Bronning
1220 3970 1299 4040 (Stil)
1344 3975 1379 4028 22
1399 3971 1480 4029 lunii

392 4062 526 4132 magistro
545 4060 665 4116 Ricardo
683 4059 772 4115 Wood
808 4063 843 4114 28
861 4059 878 4114 J
882 4060 940 4114 unii
961 4059 1104 4130 magistris
1123 4059 1165 4114 Jo.
1187 4060 1302 4114 Murton
1321 4061 1432 4132 (Fullre)
1450 4069 1480 4118 et

393 4150 519 4208 Antonio
538 4149 619 4206 Rudd
