3408 5116
806 348 919 398 ossen
942 349 1034 397 soon
1058 351 1080 397 Δ
1353 336 1520 421 [1575-76

696 812 785 878 Ordo
807 813 1005 878 senioritatis
1027 815 1186 899 (enargia)

506 1017 547 1071 M*
559 1017 670 1072 Broune
817 1017 858 1071 Μῐ
871 1016 979 1071 Fentou
1169 1018 1211 1072 Μ’Γ
1224 1018 1381 1089 Meplisden

504 1105 546 1159 Mr
558 1104 661 1176 Gilpyu
817 1104 858 1158 llir
872 1104 1062 1160 Knewstubbs
1170 1105 1211 1160 Μ’
1224 1105 1354 1161 Fletcher

504 1193 546 1248 Mr
557 1191 708 1248 Gerthside
814 1193 856 1247 Mr
869 1192 1002 1248 Persivall
1168 1195 1210 1248 Mt
1222 1195 1325 1266 Taylor

504 1282 546 1337 Μτ
558 1282 673 1337 Iawson
782 1275 787 1286 ¹
812 1282 853 1337 Mr
866 1282 972 1337 Freake
1127 1282 1130 1290 '
1169 1283 1210 1338 Μτ
1221 1282 1309 1339 Ward

504 1370 686 1426 hl'Thaoker
810 1370 949 1426 hl'Jones
1169 1371 1373 1445 M‘Atkynsou

504 1460 546 1514 Μ’
558 1458 661 1515 Warde

736 1848 892 1914 Doctores
914 1848 949 1913 in
973 1847 1140 1934 theologia

359 2049 530 2107 Conceditur
542 2059 559 2107 4
572 2052 640 2108 Maii
654 2055 789 2125 magistro
802 2055 881 2110 Geor.
897 2055 1007 2111 Bullein
1019 2060 1052 2110 vt
1063 2055 1189 2111 studium
1204 2059 1220 2108 5
1233 2072 1371 2110 annorum
1389 2056 1419 2108 in
1437 2055 1515 2109 theo-

429 2139 501 2212 logia
518 2145 584 2212 post
601 2141 719 2212 gradum
738 2141 981 2199 baochahurietus
998 2144 1028 2198 in
1047 2143 1145 2199 cedern
1164 2147 1328 2215 susceptum
1346 2161 1411 2199 cum
1429 2161 1513 2214 oppo-

428 2226 580 2283 siciouibus
601 2229 829 2300 responsionibus
849 2231 1025 2287 sermonibus
1047 2236 1077 2286 et
1094 2231 1157 2286 aliis
1174 2230 1316 2286 exercitiis
1335 2249 1385 2302 per
1402 2234 1514 2286 statuta

428 2316 572 2388 requisitis
584 2317 706 2372 sufficiat
718 2318 743 2373 ei
756 2317 791 2372 ad
804 2318 995 2389 incipiendum
1008 2320 1038 2374 in
1050 2337 1130 2374 sacra
1142 2319 1281 2390 theologia

358 2406 463 2461 Eadem
476 2406 567 2476 gretia
578 2405 742 2461 conceditur
753 2410 771 2461 8
782 2407 801 2462 J
803 2407 864 2462 sinii
876 2408 1011 2478 magistro
1024 2408 1131 2479 Rogoro
1143 2407 1238 2463 Goade

356 2493 526 2549 Conceditur
540 2497 557 2548 8
569 2494 587 2548 J
590 2495 649 2548 uuii
668 2489 802 2565 magistro
822 2496 905 2551 Petro
922 2496 1033 2552 Barrow
1050 2496 1197 2568 prolectori
1213 2495 1344 2552 lectionis
1359 2495 1512 2567 theologice

427 2599 477 2653 per
487 2581 630 2638 dominam
644 2583 831 2654 Margaretam
843 2583 960 2640 hrndate
973 2590 1005 2640 vt
1017 2603 1073 2640 vua
1085 2587 1229 2657 responsio
1239 2603 1305 2640 cum
1317 2603 1373 2639 vno
1385 2601 1513 2641 sermone

426 2669 463 2725 ed
474 2670 580 2727 clerum
592 2671 714 2726 sufficiat
726 2671 751 2726 ei
764 2671 800 2726 ed
813 2671 1005 2743 incipiendum
1018 2674 1047 2729 in
1060 2691 1140 2730 sacre
1151 2674 1292 2745 theologia

687 3069 775 3135 Ordo
797 3069 997 3136 senioritatie
1018 3072 1177 3158 (margia)

590 3255 628 3310 Dr
639 3257 719 3312 Goed
825 3259 986 3314 D=Bu110in
1094 3260 1130 3314 Dr
1143 3259 1270 3316 Berrowe

375 3685 496 3752 Gratiae
520 3709 584 3752 non
607 3696 837 3752 concernentes
859 3687 996 3772 gradum
1020 3698 1077 3750 aut
1101 3689 1235 3751 formam
1262 3687 1486 3752 scholasticam

351 3874 521 3930 Conceditur
535 3877 569 3928 24
582 3873 712 3929 Octobris
729 3878 761 3928 vt
777 3873 911 3944 magister
927 3873 1063 3928 (lriffinus
1080 3874 1201 3945 Briskyn
1218 3875 1257 3928 sit
1274 3891 1347 3928 vnus
1363 3891 1396 3928 es
1414 3873 1506 3944 predi-

420 3962 562 4018 catoribus
576 3962 629 4018 hoc
644 3963 766 4032 presenti
784 3980 859 4017 euno
875 3980 925 4034 per
940 3962 1111 4018 academiam
1128 3963 1291 4018 emittendis
1307 3966 1337 4017 et
1352 3979 1437 4033 super
1453 3962 1506 4017 hoc

368 4101 374 4108 .
420 4055 514 4106 vestra
525 4049 701 4106 concessione
713 4050 810 4106 litores
823 4049 926 4119 habeat
938 4050 1075 4121 sigillatus
1087 4051 1178 4121 sigillo
1191 4055 1284 4106 vestro
1295 4049 1438 4105 communi

349 4139 455 4195 Eodem
466 4139 558 4209 gratia
569 4137 732 4193 conceditur
742 4137 840 4193 eodem
854 4138 973 4193 Bicerdo
990 4139 1123 4194 Bancrost
1139 4143 1169 4194 ct
1185 4139 1202 4194 J
1205 4157 1230 4196 o.
1247 4139 1332 4194 Holte
1349 4138 1378 4193 iu
1395 4137 1505 4194 adibus

419 4227 561 4298 magistris
597 4231 625 4280 2⁰
642 4226 805 4282 Decembris
816 4227 833 4282 J
836 4245 859 4282 o.
874 4227 1010 4299 Furmery
1023 4227 1103 4283 Edm.
1120 4229 1198 4284 Prioe
1210 4235 1239 4284 et
1252 4227 1384 4284 Christos.
1399 4225 1505 4282 Webbe

418 4317 449 4372 in
460 4313 569 4370 artibus
580 4315 723 4386 magistris
759 4319 788 4371 3⁰
801 4315 946 4371 Februarii
961 4317 1005 4372 Jo.
1019 4316 1120 4372 Sterne
1136 4335 1214 4373 sacre
1231 4316 1370 4387 theologie
1388 4316 1503 4371 becche-

417 4405 512 4462 laureo
549 4409 582 4462 lo
595 4403 739 4462 Februarii
751 4407 796 4461 lo.
809 4406 912 4478 Smyth
930 4407 1027 4463 Frenc
1042 4407 1168 4479 Lyndley
1186 4407 1215 4462 in
1233 4404 1345 4462 artibus
1363 4407 1506 4477 magistris
