3344 5110
155 328 323 412 1546-47]
594 343 709 394 ceron
733 343 824 393 soor
848 343 870 391 Δ

610 676 855 762 [mro-1547]

155 851 269 916 Gratie
295 851 366 916 siue
396 851 575 937 peticiones
601 871 748 915 concesse
778 849 813 914 in
843 849 940 935 plena
969 849 1218 937 congregacione
1248 842 1426 915 Res-17³

244 955 392 1040 gentium
412 963 446 1021 et
467 977 530 1020 non
551 953 749 1040 Regentium
766 954 883 1018 eleeto
897 953 1002 1018 suncti
1024 953 1192 1020 Michaelis
1207 953 1311 1019 Arch-

244 1059 353 1146 angeli
368 1059 466 1124 Anno
483 1062 580 1125 1546ο
595 1081 695 1146 vsque
711 1059 749 1122 ed
767 1057 866 1123 iidem
883 1059 1002 1123 festum
1018 1082 1056 1124 ex
1073 1067 1153 1124 tunc
1167 1059 1312 1146 proxime

190 1219 214 1256 ⁴.
244 1186 381 1250 sequens
400 1163 531 1230 doctore
553 1162 697 1228 Madewe
715 1171 795 1227 tunc
815 1162 1074 1228 vicecancellario
1094 1173 1128 1228 et
1149 1163 1312 1250 magistris

222 1255 224 1260 ¹
247 1268 408 1332 Willelmo
425 1269 550 1332 Berker
565 1277 599 1334 et
614 1267 747 1332 Andree
762 1267 866 1332 Perne
881 1267 1144 1352 procuratoribus

154 1441 191 1496 In
208 1442 309 1514 primis
324 1442 486 1497 conceditur
502 1445 535 1497 vt
549 1459 648 1497 omnes
665 1441 754 1511 gretie
770 1439 892 1495 admisse
908 1444 938 1494 et
953 1456 1082 1495 concesse
1099 1456 1150 1510 per
1166 1438 1312 1496 dominum

227 1531 483 1586 vicecancellarium
500 1515 627 1586 doctores
645 1529 757 1601 Busbye
774 1535 804 1584 et
822 1529 925 1600 Blythe
941 1532 971 1583 et
987 1528 1137 1598 magistros
1154 1529 1268 1601 Maptyt
1283 1537 1313 1584 et

229 1620 400 1692 Dyclrynson
427 1619 537 1691 possint
559 1635 722 1674 concurrere
745 1619 775 1672 in
799 1623 922 1690 quatuor
945 1617 1206 1688 congregationibus
1230 1618 1313 1674 istius

228 1710 295 1764 anni
333 1708 380 1763 Ita
398 1708 472 1778 quod
490 1708 593 1779 singuli
612 1708 711 1763 borum
730 1709 856 1777 quinque
872 1707 1044 1762 unanimiter
1061 1708 1240 1782 consentiant

521 2097 750 2163 Buecheleurei
773 2097 806 2160 in
829 2095 956 2161 artibus

76 2301 81 2316 ι
157 2268 194 2323 In
211 2269 310 2340 primis
321 2268 484 2324 conceditur
495 2268 609 2324 domino
622 2267 706 2341 Hyde
717 2273 749 2323 vt
760 2266 889 2323 studium
901 2267 977 2338 quod
992 2267 1038 2322 bic
1049 2272 1080 2322 et
1090 2267 1157 2322 alibi
1171 2266 1272 2322 babuit
1284 2269 1313 2322 in

230 2354 314 2410 robers
334 2356 489 2411 dialecticis
509 2362 539 2411 et
559 2356 772 2412 humanioribus
790 2357 881 2412 literis
902 2373 966 2411 cnm
985 2354 1208 2426 oppositionibus
1225 2360 1255 2409 et
1272 2371 1313 2410 re-

230 2444 428 2516 sponsionibus
452 2447 595 2516 requisitis
619 2447 740 2510 snfficiet
763 2446 790 2500 ei
813 2446 849 2501 ad
874 2444 1098 2516 respondendum
1120 2443 1260 2516 questioni
1284 2449 1314 2499 et

231 2533 354 2589 finaliter
370 2534 615 2590 determinandum
632 2553 698 2591 cum
717 2535 817 2590 ceteris
835 2534 1029 2606 questionistis
1051 2534 1135 2589 buius
1155 2533 1222 2587 anni
1267 2533 1314 2588 Sic

230 2626 326 2676 umen
352 2626 383 2677 vt
407 2622 467 2676 eins
490 2623 612 2677 eruditio
635 2629 665 2678 et
691 2639 784 2677 mores
807 2623 1003 2677 examinentur
1025 2627 1056 2676 et
1083 2620 1274 2693 approbentur
1297 2639 1314 2675 s

231 2710 374 2780 magistris
392 2708 513 2764 Haddon
532 2715 561 2763 et
580 2709 758 2782 Pyllryngton

160 2795 235 2850 Item
250 2797 412 2851 conceditur
427 2796 530 2851 Joanni
546 2797 649 2853 Beevt
667 2801 701 2852 12
717 2798 830 2853 termini
848 2799 877 2853 in
893 2797 997 2869 quibus
1012 2797 1145 2853 lectiones
1161 2797 1315 2852 ordinaries

231 2883 342 2939 audiuit
368 2899 418 2955 per
443 2884 576 2938 maiorem
600 2875 708 2955 perlem
733 2885 763 2939 in
788 2889 848 2940 toto
872 2903 928 2940 rna
951 2903 1015 2940 oum
1039 2883 1262 2957 oppositionibus
1285 2887 1316 2938 st

233 2970 460 3042 responsionibus
480 2972 623 3043 requisitis
640 2973 781 3028 sufficiant
799 2972 854 3028 sibi
872 2972 908 3027 ad
929 2973 1152 3044 respondendum
1173 2973 1315 3043 questioni

161 3059 268 3115 Eadem
286 3061 377 3130 gratia
394 3060 429 3115 ds
451 3059 535 3115 verbo
552 3061 581 3114 in
602 3060 719 3116 verbum
736 3056 900 3116 conceditui
917 3061 1045 3116 Osweldo
1064 3061 1194 3118 Metoalfe
1211 3061 1314 3116 Joanni

233 3149 359 3205 Jhonson
378 3149 515 3204 Nicbolao
534 3149 662 3204 Horsleio
679 3156 710 3205 et
728 3151 868 3206 Rioberdo
886 3151 967 3222 Edyll

162 3237 238 3292 Item
259 3235 421 3290 conceditur
440 3236 548 3291 Thome
570 3235 738 3308 Raymundo
758 3240 791 3291 vt
816 3241 849 3290 12
870 3237 984 3291 termini
1006 3236 1037 3290 in
1059 3236 1162 3307 quibus
1182 3236 1315 3292 lectiones

232 3322 387 3378 ordinarias
401 3323 512 3377 audiuit
528 3340 579 3394 per
596 3323 729 3378 maiorem
749 3328 858 3394 partem
878 3324 908 3378 in
929 3328 991 3378 toto
1010 3341 1074 3379 cum
1093 3323 1316 3394 oppositionibus

232 3417 262 3466 et
279 3410 506 3483 responsionibus
521 3411 665 3482 requisitis
680 3412 821 3466 sufficient
838 3413 864 3466 ei
881 3411 916 3466 ad
933 3410 1156 3484 respondendum
1174 3413 1315 3484 questioni

235 3495 281 3551 Ita
291 3504 324 3551 vt
335 3497 396 3551 eius
408 3495 529 3551 eruditio
540 3494 712 3567 approbetur
722 3514 772 3568 per
788 3497 937 3567 magistros
954 3496 1074 3552 Hsddon
1091 3502 1121 3552 et
1138 3497 1316 3570 Pylkyngton

234 3589 263 3640 et
276 3585 445 3640 detemrinet
461 3602 525 3640 cum
539 3585 654 3656 reliquis
666 3584 873 3642 bacchalanreis
886 3587 971 3642 huius
982 3586 1049 3642 anni
1086 3587 1218 3658 qnoniam
1231 3595 1316 3642 antea

231 3675 267 3730 ad
289 3672 364 3729 hunc
381 3672 500 3745 gradum
517 3673 555 3728 ob
572 3674 689 3745 pecunie
706 3675 830 3746 inopism
849 3691 907 3730 non
927 3679 1039 3747 poteret
1057 3675 1204 3730 essendere
1224 3691 1315 3747 neque

231 3763 292 3818 sine
309 3780 411 3833 magno
428 3763 489 3817 eius
506 3761 684 3818 incommodo
700 3763 809 3818 diutius
827 3763 917 3834 possit
933 3763 1137 3834 procrastinare

161 3851 236 3906 Item
258 3849 421 3905 conceditur
444 3849 588 3921 Stephano
608 3851 733 3906 ersono
754 3857 785 3905 vt
811 3855 843 3906 12
867 3852 981 3906 termini
1005 3852 1137 3923 completi
1161 3851 1315 3923 inquibus

232 3936 387 3992 ordinarias
404 3935 537 3992 lectiones
553 3937 664 3993 sudiuit
679 3955 730 4010 per
746 3937 879 3993 maiorem
897 3943 1007 4010 portem
1023 3939 1053 3994 in
1071 3943 1133 3993 toto
1149 3957 1214 3996 cnm
1230 3955 1313 4012 oppo

232 4024 382 4080 sitionibus
394 4029 424 4079 et
438 4024 667 4097 responsionibus
681 4027 824 4097 requisitis
840 4027 982 4082 sufficient
997 4029 1022 4082 ei
1038 4026 1075 4083 ad
1089 4026 1313 4099 respondendnm

232 4113 373 4184 questioni

160 4202 266 4258 Eadem
279 4203 370 4274 gretie
381 4201 417 4258 de
425 4201 509 4258 verbo
521 4204 551 4258 in
561 4202 677 4259 verbum
687 4203 849 4259 conceditur
858 4203 1098 4276 GulielmoOoney
1111 4204 1233 4261 Roberto
1241 4206 1314 4278 Grey

232 4291 382 4348 Edmundo
392 4291 541 4364 Macarnys
552 4293 659 4348 Thome
669 4293 782 4365 Bsylsio
794 4293 930 4348 Eduardo
940 4293 1057 4363 Squiero
1071 4293 1210 4349 Gulielmo
1221 4295 1314 4366 longo

231 4385 260 4434 et
271 4381 374 4436 loanni
389 4381 474 4436 Basse
