3394 5114
753 346 867 395 onnon
889 346 982 395 soon
1006 347 1027 394 Δ
1309 330 1474 414 [1568-69

743 879 830 944 Ordo
854 880 1053 945 senioritetis

821 1089 925 1143 Doctor
943 1089 1060 1160 Younge

821 1177 926 1231 Doctor
943 1179 1091 1233 Ooortesse

631 1265 765 1336 Magister
820 1266 925 1319 Doctor
942 1264 1101 1320 Chaderton
1139 1271 1155 1320 5

820 1354 925 1408 Doctor
943 1353 1059 1408 Welker

820 1443 925 1497 Doctor
942 1442 1079 1497 Gardiner

781 1989 1011 2074 Incorporatus

316 2199 487 2254 Conceditur
505 2203 520 2256 7
540 2199 637 2254 Martii
656 2199 791 2270 magistro
810 2199 961 2254 Laurentio
979 2201 1096 2272 memy
1115 2219 1192 2257 secre
1210 2203 1347 2273 theologie
1363 2203 1392 2257 iu
1409 2222 1470 2258 aca-

385 2287 478 2342 demie
502 2287 653 2341 Oxoniensi
678 2287 828 2358 professori
850 2294 882 2341 vt
902 2287 941 2342 sit
961 2287 1008 2342 hic
1029 2289 1104 2361 apud
1130 2307 1179 2345 vos
1200 2291 1230 2344 in
1252 2291 1358 2345 eisdem
1383 2291 1470 2361 gradu

386 2375 482 2430 ordine
495 2381 524 2431 et
536 2393 610 2430 enno
622 2374 726 2446 quibus
740 2376 795 2430 fuit
806 2376 836 2429 in
848 2374 926 2430 dicta
941 2376 1085 2432 ecadernie
1098 2377 1249 2433 Oxonicnsi
1286 2379 1471 2433 Presentatus

386 2480 436 2533 per
447 2461 590 2517 doctorem
604 2461 787 2533 Longeworth
800 2466 829 2516 et
841 2462 982 2516 admissus
993 2463 1090 2518 eodem

196 2923 216 2980 f.
236 2925 302 2982 98b
499 2919 612 2983 Gratie
637 2919 723 2983 varie
749 2920 871 2984 nullam
897 2929 1126 2986 concernentes
1150 2921 1284 2986 formem

315 3141 484 3196 Conceditur
499 3145 531 3196 15
545 3139 675 3196 Octobris
687 3140 800 3195 doctore
814 3140 996 3210 Longeworth
1010 3143 1225 3212 procencellario
1243 3142 1365 3197 Roberto
1382 3144 1469 3198 John-

384 3247 435 3283 son
448 3229 478 3282 in
490 3229 601 3283 artibus
618 3229 753 3298 magistro
769 3235 801 3282 vt
818 3229 858 3282 sit
874 3245 948 3282 vnns
964 3246 997 3282 ex
1013 3228 1161 3284 duodecim
1179 3230 1400 3300 predicatoribus
1416 3232 1469 3286 hoc

383 3333 458 3370 enno
482 3333 533 3387 per
556 3315 729 3370 academiam
754 3315 919 3370 emittendis
943 3321 973 3370 et
996 3334 1081 3387 super
1105 3317 1157 3371 hac
1178 3319 1355 3374 concessione
1376 3325 1470 3374 vestre

383 3404 479 3459 literas
498 3403 602 3458 habeat
620 3403 758 3474 sigillatas
775 3403 866 3473 sigillo
884 3409 978 3457 vestro
997 3405 1139 3460 communi

313 3491 421 3546 Eadem
437 3491 529 3562 gratie
542 3490 706 3545 conceditur
721 3489 819 3544 eodem
836 3489 905 3544 nob.
924 3489 1019 3561 Rodys
1035 3497 1065 3546 et
1081 3492 1205 3547 iohanni
1223 3494 1343 3565 Scyllia
1358 3495 1469 3550 artibus

384 3580 527 3650 magistris
564 3583 599 3633 30
611 3578 742 3634 Octobris
755 3577 802 3630 W⁰
815 3577 961 3649 Chepmen
975 3579 1003 3632 in
1017 3577 1125 3633 artibus
1138 3581 1272 3650 magistro

312 3668 419 3723 Eadem
443 3669 534 3739 gratia
554 3667 717 3722 conceditur
741 3670 773 3721 19
796 3666 966 3721 Novembris
990 3667 1104 3722 doctore
1126 3669 1229 3740 Young
1252 3673 1468 3741 procenccllario

383 3755 505 3811 Roberto
524 3757 626 3811 Ganet
647 3756 677 3810 in
698 3754 809 3810 artibus
833 3755 968 3824 magistro
991 3760 1021 3809 et
1045 3757 1143 3826 Georg.
1169 3758 1308 3814 Gerdiner
1330 3761 1469 3832 theologie

382 3845 569 3900 bachelaureo
619 3850 652 3900 10
672 3844 834 3898 Decembris
854 3843 973 3898 Biennio
992 3845 1131 3899 Howlend
1150 3847 1180 3900 in
1198 3847 1309 3902 artibus
1333 3851 1467 3920 magistro

381 3934 420 3988 4²⁰
438 3933 534 3987 Martii
555 3931 703 4002 Radulpho
718 3930 849 3986 Tunatell
866 3932 896 3985 in
911 3930 1021 3986 artibus
1038 3934 1173 4003 magistro
1210 3939 1244 3989 25
1263 3935 1360 3990 Martii
1377 3937 1466 3992 Gwal·

381 4025 441 4074 tero
454 4019 556 4089 Alleyn
570 4023 599 4073 et
611 4018 629 4072 J
631 4036 654 4071 0.
671 4018 785 4071 Lawson
800 4018 829 4070 in
841 4017 951 4072 artibus
964 4017 1106 4088 magistris
1120 4026 1150 4073 ot
1162 4025 1178 4074 6
1192 4021 1260 4076 Maii
1272 4022 1291 4076 J
1293 4041 1316 4076 o.
1332 4023 1426 4078 Moore
1438 4029 1468 4078 et

379 4107 503 4162 Roberto
516 4105 640 4162 Hollsnd
652 4107 682 4160 in
694 4105 806 4161 entibus
819 4106 961 4176 magistris

308 4195 478 4251 Conceditur
492 4199 526 4248 10
537 4191 702 4248 Decembris
715 4193 848 4263 magistro
861 4193 878 4246 J
880 4211 904 4246 o.
920 4193 1037 4262 Igulden
1051 4197 1082 4248 vt
1095 4195 1199 4252 hebeat
1212 4197 1308 4252 literas
1319 4199 1424 4270 gradus
1436 4207 1465 4256 et

376 4283 596 4338 conversationis
608 4281 773 4351 obsignatas
785 4281 876 4351 sigillo
888 4285 981 4336 vestro
994 4285 1137 4338 communi

306 4375 413 4428 Eadem
424 4373 516 4442 gratie
528 4371 693 4426 oonmditur
706 4375 740 4424 25
753 4371 850 4425 Martii
863 4371 998 4442 magistro
1010 4371 1117 4426 Arturo
1132 4373 1252 4446 Puryfye
