3408 5116
334 342 399 407 314
777 357 889 406 onnon
913 355 1004 406 soon
1027 357 1050 404 n
1326 337 1491 426 [1577-78

334 513 504 570 Conceditur
518 518 551 568 18
563 515 580 569 J
584 514 643 569 unii
656 532 745 585 quum
757 531 807 586 per
818 519 961 569 statutum
975 514 1093 584 Regium
1109 513 1241 568 dominns
1257 513 1492 585 pmosnosllnrius

405 601 542 672 assignari
564 601 693 656 videntur
715 601 752 657 sd
777 619 881 656 munus
901 601 1085 656 moderatoris
1110 601 1139 656 in
1163 600 1287 656 oomitiis
1308 604 1340 656 vt
1359 601 1491 656 dominns

405 689 637 760 proeanoellsrius
649 689 800 744 modernus
812 690 842 743 in
855 690 989 761 vesperiis
1003 689 1182 744 oomitiorum
1194 689 1384 761 proximorum
1398 693 1491 744 vestra

404 778 574 832 auctoritate
585 780 615 831 et
627 776 742 831 licentis
754 781 852 831 vtetur
863 793 933 847 cepe
949 776 1036 831 rubes
1049 780 1079 832 ot
1095 776 1159 830 eliis
1173 775 1348 831 ornamentis
1363 775 1490 832 doctora-

405 865 480 920 libus
497 883 554 920 non
572 864 704 920 obstante
721 863 817 934 aliquo
834 868 945 919 statuto
963 868 1014 920 aut
1038 864 1241 920 consuetudine
1264 864 1294 918 in
1318 864 1489 919 eontrarium

404 955 489 1010 editis
508 959 537 1010 et
558 955 598 1010 sic
620 954 781 1009 moderetur
797 953 986 1024 disputacioni
1004 953 1158 1023 theologico

334 1042 503 1098 Conceditur
520 1047 556 1098 23
573 1043 653 1098 Jnnii
671 1043 806 1113 magistro
823 1041 947 1098 Johonni
965 1043 1074 1098 Bssoon
1095 1043 1187 1112 legum
1208 1041 1315 1098 doctori
1336 1047 1369 1096 vt
1388 1039 1491 1095 hebent

404 1133 501 1187 literas
513 1136 621 1186 vestras
632 1131 836 1186 testimoniales
847 1131 951 1202 gradus
963 1134 992 1186 et
1003 1130 1225 1186 oonvorssoionis
1237 1147 1286 1184 sue
1296 1128 1387 1200 sigillo
1397 1133 1490 1183 vestro

404 1220 546 1275 communi
558 1220 695 1291 sigillatas

334 1309 504 1365 Oonoeditm·
516 1313 545 1363 2⁰
556 1309 628 1364 Julii
642 1313 675 1363 vt
689 1309 824 1379 magister
840 1307 998 1362 Gulielmns
1012 1307 1129 1378 Wylson
1147 1305 1285 1376 theologie
1301 1306 1331 1360 in
1347 1304 1490 1360 oondemis

404 1397 555 1452 Oxoniensi
571 1396 789 1451 bsoohslnurens
805 1396 844 1450 sit
859 1394 976 1450 oiisdsm
992 1393 1081 1464 groslu
1096 1391 1193 1448 ordine
1209 1397 1239 1447 et
1255 1409 1330 1446 anno
1348 1391 1423 1462 apud
1440 1409 1490 1445 vos

404 1485 508 1558 quibus
520 1489 564 1540 est
576 1485 650 1558 opud
664 1485 836 1541 Oxonienses
847 1502 914 1539 suos

334 1576 503 1631 Conceditur
524 1575 621 1630 eodem
642 1580 674 1630 vt
694 1574 829 1645 magister
846 1573 970 1628 Thomas
989 1571 1112 1626 Dotohin
1131 1570 1160 1624 in
1178 1568 1321 1624 sondsmia
1338 1567 1489 1623 Oxoniensi

404 1663 509 1718 artium
525 1663 659 1734 magister
675 1662 715 1717 sit
729 1661 806 1732 apud
818 1679 868 1715 vos
880 1661 909 1716 in
921 1659 1038 1715 eiisdem
1049 1658 1137 1730 gradu
1150 1657 1247 1713 ordine
1258 1663 1288 1712 et
1299 1673 1374 1712 anno
1386 1654 1490 1726 quibus

404 1752 460 1807 fuit
472 1757 502 1806 et
513 1754 557 1806 ost
569 1751 599 1805 in
611 1750 755 1805 sesdemis
767 1748 919 1805 Oxoniensi

335 1841 440 1896 Eadem
453 1840 544 1912 gistis
554 1840 716 1894 oonoeditur
724 1839 822 1894 eodem
831 1837 965 1908 magistro
974 1835 1098 1891 Johsnni
1109 1835 1212 1889 Potton
1222 1834 1355 1904 magistro
1364 1833 1381 1887 J
1383 1832 1488 1887 ohsnni

406 1930 516 1984 Non-ton
531 1929 664 1999 magisno
679 1926 766 1982 Tobie
780 1925 916 1980 Seniorde
930 1925 1065 1994 magistro
1082 1923 1205 1978 Hsnrioo
1221 1923 1337 1977 Jervnee
1354 1922 1489 1990 magistro

405 2019 511 2073 Arturo
524 2018 684 2087 Mosssngsr
696 2017 830 2087 magistro
841 2015 949 2069 Thome
963 2013 1073 2083 Knight
1084 2012 1218 2082 magistro
1228 2009 1365 2064 Ezechieli
1375 2009 1488 2064 Oulver·

405 2108 465 2162 well
478 2108 612 2178 magistro
624 2107 753 2162 Samsoni
765 2104 875 2160 Stmwd
887 2107 918 2159 et
929 2102 1064 2174 magistro
1078 2101 1161 2155 Petro
1174 2099 1299 2170 Dunlryn
