3376 5108
777 364 891 413 onnon
913 365 1005 413 soon
1028 365 1052 413 Δ
1329 349 1495 434 [1554-55

217 769 237 828 f,
255 769 327 829 421,
377 751 648 839 Dispensaciones
663 759 697 817 et
712 751 818 839 gretie
835 751 922 817 varie
937 751 1062 817 nullam
1079 751 1215 816 formam
1230 759 1461 817 concernentes

340 936 376 992 In
395 937 495 1009 primis
513 936 694 1009 dispensatur
712 954 777 992 cum
799 938 913 993 domino
932 936 1046 993 doctore
1068 937 1212 993 Shaxtono
1231 943 1264 992 vt
1282 937 1392 992 racione
1411 936 1498 992 etatis

409 1041 460 1080 sue
481 1026 571 1096 possit
591 1023 689 1079 abesse
707 1023 745 1080 ab
763 1024 894 1080 omnibus
915 1024 1138 1098 processionibus
1158 1023 1334 1097 generalibus
1352 1023 1498 1080 funeribus

408 1110 670 1184 congregationibus
692 1117 722 1167 et
747 1112 811 1168 aliis
835 1112 1021 1169 conventibus
1048 1131 1082 1168 ex
1108 1119 1218 1170 statuto
1245 1115 1301 1170 nisi
1325 1119 1440 1170 vocetur
1462 1131 1497 1169 ex

409 1218 522 1257 nomme
1312 1215 1313 1218 ’

338 1290 413 1346 Item
434 1290 598 1346 conceditur
614 1298 647 1345 rt
665 1290 763 1346 doctor
781 1290 855 1363 Glyn
876 1291 1109 1362 procanoellarius
1127 1295 1220 1347 vester
1237 1292 1276 1346 sit
1293 1309 1367 1348 vous
1384 1309 1419 1346 ex
1435 1307 1496 1362 pre-

408 1377 580 1434 dicatoribus
598 1379 651 1434 hoc
668 1396 743 1433 anno

337 1465 444 1522 Eodem
473 1467 564 1537 grstia
590 1465 626 1522 ds
653 1465 738 1522 verbo
764 1467 795 1521 in
822 1465 940 1522 verbum
966 1467 1130 1522 conceditur
1155 1465 1318 1523 doctoribus
1345 1467 1442 1536 Yonge
1466 1467 1497 1520 et

408 1555 567 1626 Segiswyke
584 1571 618 1609 ac
636 1555 779 1625 magistris
797 1554 902 1609 Psohet
920 1555 1014 1610 Borcll

338 1640 412 1696 Item
434 1641 597 1697 conceditur
616 1646 648 1695 vt
670 1642 807 1713 posterior
828 1641 985 1714 dIsputatio
1006 1642 1113 1698 domini
1138 1643 1302 1715 Segcswyke
1320 1643 1359 1697 sit
1377 1642 1417 1697 illi
1435 1641 1495 1696 loco

406 1729 649 1786 determinationis
667 1747 718 1785 sue
735 1730 787 1784 hoc
806 1748 880 1787 enno
898 1731 993 1787 debite

337 1818 411 1874 Item
428 1819 593 1875 conceditur
608 1823 640 1873 vt
655 1819 752 1874 concio
770 1818 806 1874 ad
823 1820 928 1875 clerum
947 1821 982 1876 ad
1000 1838 1086 1892 quam
1104 1825 1218 1876 tenetur
1235 1820 1366 1875 dominus
1385 1819 1496 1874 Fewcet

407 1908 458 1962 hoc
483 1925 557 1963 anno
580 1907 686 1962 differri
710 1908 801 1978 possit
824 1908 865 1962 sic
889 1909 964 1979 quod
989 1909 1040 1964 fiat
1064 1909 1110 1964 die
1133 1911 1260 1965 cinerum
1283 1909 1411 1981 proximo
1435 1909 1495 1964 sinc

407 1995 536 2050 ulteriore
554 1994 690 2050 dilacione

337 2084 412 2139 Item
432 2083 594 2139 conceditur
610 2089 643 2139 rt
663 2083 819 2155 disputatio
838 2085 869 2139 in
888 2085 998 2140 artibus
1016 2085 1143 2141 facienda
1164 2087 1210 2142 die
1227 2085 1346 2141 Veneris
1367 2086 1494 2157 proximo

406 2177 543 2244 tanquam
568 2172 643 2228 sacta
667 2175 816 2227 censeatur
837 2172 929 2243 quood
953 2175 1122 2243 magistrum
1143 2173 1357 2245 disputaturum
1381 2178 1494 2228 tantum

405 2261 451 2317 Sic
470 2261 545 2334 quod
565 2261 722 2316 satisfaciet
737 2261 854 2316 bedellis
873 2263 1007 2332 quonism
1029 2269 1145 2334 propter
1163 2263 1331 2335 sollempnes
1350 2281 1445 2334 preoes
1463 2263 1494 2317 in

405 2351 521 2406 ecclesia
541 2351 632 2405 sancti
658 2351 748 2405 Mario
768 2350 949 2406 celebrandas
970 2350 1126 2423 disputatio
1150 2352 1294 2407 commode
1318 2351 1413 2406 haberi
1438 2369 1494 2407 non

405 2442 500 2510 potest

335 2527 410 2582 Item
425 2526 588 2582 conceditur
599 2531 631 2581 vt
646 2525 774 2581 doctores
790 2527 819 2580 iu
835 2526 974 2598 theologia
986 2528 1097 2598 possint
1109 2527 1254 2601 disputare
1266 2529 1368 2600 quouis
1379 2529 1425 2584 dio
1437 2545 1494 2583 non

404 2614 569 2686 disputabili
583 2632 639 2670 non
652 2615 785 2671 obstante
796 2620 907 2671 statuto

336 2703 410 2760 Item
427 2703 589 2760 conceditur
605 2707 637 2758 rt
648 2703 709 2759 dies
722 2703 801 2758 Luno
812 2709 843 2758 et
856 2703 957 2758 Martis
974 2705 1004 2758 in
1021 2705 1196 2776 carneprivio
1213 2706 1272 2760 sint
1287 2705 1348 2761 dies
1365 2723 1421 2760 non
1437 2705 1492 2760 die-

405 2790 546 2864 putabilcs
558 2809 614 2846 non
626 2791 759 2846 obstante
771 2796 881 2846 statuto

336 2880 410 2937 Item
427 2880 589 2937 conceditur
603 2885 635 2936 vt
652 2884 762 2935 statuta
778 2880 842 2935 aule
859 2880 941 2935 Clam
957 2880 1068 2951 possint
1084 2881 1168 2936 eximi
1186 2899 1201 2936 e
1217 2881 1289 2936 cista
1306 2881 1494 2936 communiet

405 2969 517 3024 restitui
533 2969 605 3024 citra
621 2969 727 3024 festum
744 2968 848 3023 natalis
866 2968 980 3023 Domini
994 2968 1113 3039 proximi
1150 2967 1307 3040 (Restituta
1318 2975 1386 3024 sunt
1398 2986 1494 3024 mense

406 3055 577 3113 Novembris
595 3058 676 3126 locs)

336 3146 410 3202 Item
430 3146 454 3201 it
472 3146 496 3201 is
513 3146 657 3218 grawnted
676 3149 707 3218 γι
724 3163 777 3201 one
795 3163 860 3217 may
878 3145 914 3200 be
931 3151 995 3201 sent
1013 3151 1043 3200 to
1062 3164 1110 3218 my
1128 3147 1145 3202 l.
1165 3146 1319 3202 Chunoelor
1336 3151 1367 3201 to
1385 3145 1493 3202 declsre

406 3235 541 3307 Munsyes
558 3234 685 3290 disorder
700 3235 726 3290 ii
740 3235 765 3289 it
781 3234 879 3290 shalbe
895 3233 1022 3305 thought
1040 3253 1072 3289 so
1084 3234 1233 3306 expedient
1245 3241 1275 3291 to
1287 3235 1337 3290 the
1348 3233 1491 3289 vicechon·

405 3324 475 3380 color
486 3325 510 3380 dr
521 3324 570 3380 the
582 3323 685 3379 heades
697 3324 728 3379 of
737 3324 844 3380 howses
855 3324 879 3379 do
891 3323 977 3379 suche
989 3341 1006 3378 a
1018 3340 1071 3379 one
1083 3341 1115 3378 as
1127 3325 1186 3380 thei
1199 3324 1271 3379 shall
1283 3323 1385 3379 thinks
1396 3329 1470 3378 mete

174 3411 204 3462 Π
216 3407 281 3459 Iulii
335 3415 410 3471 Item
421 3416 446 3470 it
457 3415 482 3470 is
493 3414 629 3485 graunted
641 3415 670 3487 yi
681 3414 731 3470 the
742 3432 826 3485 purse
839 3415 873 3468 wt
883 3424 914 3486 γ’
925 3415 999 3469 scale
1011 3415 1042 3468 os
1055 3416 1143 3486 cffyce
1155 3415 1178 3470 dr
1190 3415 1259 3487 kycs
1275 3416 1306 3471 ol'
1321 3425 1352 3488 ye
1363 3433 1492 3471 common

173 3473 292 3539 (mmm)
406 3503 510 3559 hutche
522 3521 587 3575 may
600 3502 635 3558 be
646 3503 738 3558 scaled
751 3504 786 3558 vrt
798 3513 828 3576 y·
840 3503 928 3558 scales
940 3504 972 3558 of
986 3502 1027 3557 Μι
1041 3503 1124 3576 Edyll
1137 3504 1160 3559 dr
1175 3505 1216 3558 Μ’
1228 3505 1329 3576 Bnrley

336 3592 411 3648 ltem
423 3591 585 3646 conceditur
595 3589 703 3646 doctori
716 3591 783 3646 Scot
794 3595 827 3646 vt
838 3591 928 3663 possit
940 3591 1070 3662 supplere
1081 3593 1156 3647 vices
1167 3591 1274 3648 domini
1287 3592 1493 3664 procanccllsrii

407 3681 463 3736 iam
475 3679 600 3736 absentis
613 3679 642 3734 in
656 3677 784 3750 partibus
797 3679 994 3734 transmarinis

337 3769 412 3824 Item
429 3767 591 3823 conceditur
608 3767 721 3821 domiuo
739 3767 902 3839 Segeswyke
919 3772 951 3822 vt
969 3768 1060 3838 possit
1076 3766 1206 3838 supplere
1217 3768 1292 3824 vices
1308 3768 1415 3824 domini
1432 3787 1493 3841 pro-

408 3856 563 3912 cancallarii
576 3873 663 3926 reque
676 3855 742 3911 dum
757 3855 870 3912 redierit
881 3855 980 3910 doctor
992 3855 1073 3910 Scott
1673 3919 1674 3944 1

338 3945 412 4001 Item
428 3943 591 4000 conceditur
602 3951 634 3999 vt
649 3943 807 4014 disputatio
823 3950 853 4000 et
868 3943 1067 3999 determinatio
1084 3944 1237 4015 theologica
1251 3946 1371 4016 adquae
1381 3951 1496 4002 tenetur
1673 3947 1674 3994 l

408 4033 539 4090 dominus
551 4032 668 4088 Watson
685 4033 790 4088 differri
807 4034 917 4105 possint
933 4035 963 4088 in
979 4034 1136 4105 proximum
1154 4051 1260 4088 annum
1276 4035 1317 4089 sic
1332 4035 1407 4106 quod
1425 4035 1495 4090 flant
1673 4017 1674 4077 l

407 4123 479 4178 citra
499 4124 604 4178 festum
630 4123 736 4176 Pascha
757 4123 916 4193 proximum
959 4122 1064 4176 Doctor
1085 4122 1225 4193 Langdale
1246 4123 1410 4194 impetrauit
1430 4141 1494 4178 con·

408 4211 529 4266 similem
