3394 5114
188 347 352 429 1563-64]
623 365 737 412 ceres
759 365 852 412 soor
875 365 897 411 u
1279 350 1340 416 179

186 519 269 574 Mem.
283 519 359 590 quod
371 521 515 591 predictus
528 538 583 574 non
596 525 640 574 est
652 519 793 574 admissus
808 519 958 574 actualiter
974 520 1023 575 sed
1040 525 1084 575 est
1100 519 1146 574 die
1162 522 1340 597 comitiorum

160 656 166 670 ,
255 607 440 678 inauguratus
452 625 517 662 cum
530 607 645 678 reliquis
657 607 819 661 doctoribus

185 693 355 750 Conceditur
371 695 432 766 iijto
445 696 543 750 Martii
555 695 690 765 magistro
703 695 820 764 Rogerio
833 695 923 750 Kellis
936 700 967 750 vt
979 696 1107 751 studium
1119 701 1242 767 quatuor
1253 715 1339 752 anno·

254 800 318 837 rum
331 783 360 836 in
375 783 514 853 theologia
528 786 593 853 poet
608 782 727 852 gradum
742 782 918 837 bachelaurei
935 783 963 837 in
982 783 1077 838 eedem
1095 790 1257 854 susceptum
1272 803 1338 840 cum

254 869 477 940 oppositionibus
490 868 717 940 responsionibus
727 869 904 924 sermonibus
913 874 943 926 et
951 853 1014 926 auss
1023 872 1162 926 exercitiis
1171 889 1221 942 per
1229 876 1339 927 statuta

255 957 330 1027 regia
348 956 492 1027 requisitis
510 957 631 1011 sufficiet
649 957 674 1011 ei
692 956 728 1011 ed
747 957 938 1026 incipiendum
955 957 983 1013 in
999 977 1078 1013 sacre
1093 959 1232 1030 theologia
1249 961 1290 1015 sic
1306 967 1338 1016 vt

254 1061 346 1098 sermo
364 1045 425 1098 eius
444 1043 480 1097 ed
499 1044 604 1098 clerum
624 1051 773 1115 peragatur
793 1045 867 1098 inire
887 1062 994 1099 annum
1013 1045 1191 1100 admissionis
1212 1065 1262 1101 sue
1284 1047 1338 1103 sub

254 1148 327 1201 pena
345 1131 394 1185 xis
412 1131 541 1202 ponenda
558 1132 589 1186 in
605 1131 736 1186 menibus
751 1137 963 1203 procuratorum
979 1137 1046 1187 ente
1062 1133 1122 1188 eius
1138 1134 1335 1190 admissionem

254 1225 284 1273 et
300 1219 456 1273 satisfaciet
474 1217 614 1272 officiariis
632 1224 661 1272 et
678 1219 842 1273 convivetur
855 1220 973 1289 (peregit
985 1223 1002 1274 9
1015 1219 1145 1275 Octobris
1157 1223 1256 1292 marg.)

183 1306 352 1362 Conceditur
366 1311 398 1362 15
411 1307 508 1362 Martii
521 1308 655 1377 magistro
666 1307 684 1361 J
686 1326 709 1362 ο.
725 1308 807 1379 Meye
822 1312 854 1362 vt
870 1308 997 1363 studium
1013 1312 1135 1378 quatuor
1150 1326 1288 1365 annorum
1306 1312 1335 1365 in

252 1396 392 1467 theologia
403 1401 468 1468 post
480 1397 597 1466 gradum
610 1397 787 1451 bnoheleurei
803 1397 834 1451 in
850 1396 947 1451 eedem
964 1403 1128 1467 susceptum
1144 1415 1209 1451 cnm
1226 1399 1334 1469 opposi-

251 1483 377 1538 tionibus
391 1489 443 1538 etc.
461 1484 637 1555 perficiendis
652 1485 725 1540 infra
740 1503 848 1539 annum
863 1503 913 1539 sue
928 1484 1107 1539 admissionis
1119 1485 1173 1540 snb
1185 1503 1257 1556 pena
1270 1487 1335 1557 viij1¹

251 1571 380 1641 ponende
392 1577 443 1626 etc
457 1573 578 1626 sufficiet
592 1573 617 1626 ei
638 1572 674 1626 ed
691 1572 882 1643 incipiendum
900 1572 931 1626 in
949 1589 1028 1626 sucre
1043 1571 1184 1642 theologie
1219 1573 1334 1628 Presen·

251 1663 329 1713 tetus
342 1664 359 1713 2
370 1660 388 1714 J
391 1660 441 1714 ulii
454 1678 504 1731 per
515 1660 657 1714 doctorem
672 1661 759 1714 Perne

249 1835 279 1888 in
292 1835 431 1906 theologia
442 1839 591 1906 postquam
605 1835 707 1889 rexerit
720 1835 749 1888 in
762 1833 872 1888 artibus
884 1852 949 1888 cum
962 1833 1185 1904 oppositionibus
1202 1842 1253 1889 etc.
1271 1855 1331 1907 pcr-

249 1923 375 1977 ficiendis
396 1924 470 1978 inira
490 1941 598 1979 annum
621 1942 672 1978 sue
689 1924 869 1978 admissionis
887 1922 940 1976 sub
959 1941 1031 1994 pena
1048 1922 1114 1994 viij¹¹
1133 1924 1261 1994 ponenda
1278 1929 1331 1983 etc.

249 2009 916 2083 sufficieteiedincipiendnminsecrathsologie
942 2010 1122 2064 Presentetus
1132 2028 1181 2080 per
1190 2009 1332 2066 doctorem

250 2097 338 2151 Peme
356 2097 403 2169 ijd⁰
420 2097 489 2152 iulii
504 2097 600 2166 (solvit
612 2097 711 2168 clary.)

176 2253 347 2310 Conceditur
359 2255 458 2311 vltimo
471 2257 540 2311 Maii
549 2257 684 2328 magistro
693 2255 777 2312 Coole
786 2255 986 2310 archideacono
996 2255 1154 2310 Essexiensi
1163 2259 1195 2308 vt
1204 2255 1330 2310 studium
1343 2252 1363 2312 f.
1381 2251 1419 2314 77
1433 2255 1453 2313 b

249 2343 349 2414 xiiij⁰¹¹³³
364 2362 503 2400 annorum
518 2347 549 2400 in
564 2346 703 2416 theologia
719 2351 870 2416 postquem
887 2345 990 2398 rexerit
1007 2343 1122 2398 Oxouiis
1137 2361 1201 2398 cnm
1221 2345 1330 2414 opposi-

248 2431 373 2486 tionibus
385 2433 612 2504 responsionibus
624 2437 676 2487 etc.
691 2433 866 2504 perficiendis
878 2433 952 2487 inira
965 2450 1072 2486 annum
1088 2431 1266 2486 edmissionis
1282 2450 1331 2486 sue

248 2519 301 2574 sub
312 2538 384 2591 pena
396 2519 429 2574 1¹¹
442 2521 634 2591 ponendorum
649 2521 678 2574 in
696 2519 827 2576 manibus
843 2528 1056 2591 procuratorum
1071 2523 1137 2574 ante
1153 2520 1214 2574 eius
1228 2519 1331 2574 admis-

247 2607 354 2662 sionem
366 2607 487 2662 suffieiet
499 2608 524 2661 ei
537 2607 573 2662 ed
586 2607 776 2678 incipiendum
789 2607 820 2662 in
832 2625 911 2662 sacra
924 2607 1063 2677 theologia

597 2898 685 2964 Ordo
708 2897 913 2963 Senioritatis

247 3047 296 3118 Mr
306 3063 348 3117 Dr
359 3063 517 3118 Beemount
659 3063 705 3116 ΜΓ
718 3062 759 3116 Dr
773 3063 864 3116 Kelke
1013 3063 1059 3116 Mr
1072 3063 1113 3117 Dr
1125 3061 1222 3117 Ebden

246 3153 293 3206 Mr
305 3153 346 3207 Dr
358 3153 504 3207 Goodmen
659 3151 704 3205 Mr
717 3151 759 3205 Dr
771 3151 855 3222 Maye
1014 3151 1061 3205 Mr
1073 3151 1114 3204 Dr
1126 3150 1209 3205 Coele

484 3449 641 3512 Professio
664 3449 826 3513 dictorum
850 3449 1017 3513 doctorum

172 3607 209 3662 Iu
228 3605 273 3660 dei
291 3605 405 3660 nomine
422 3605 515 3658 Amen
551 3605 610 3674 Ego
628 3604 663 3659 N.
682 3605 716 3658 N.
734 3606 889 3676 amplector
905 3623 1017 3660 omnem
1033 3621 1141 3658 sacrem
1157 3605 1325 3675 scripturam

243 3696 326 3748 vetus
337 3697 367 3746 et
379 3709 484 3746 nouum
498 3695 702 3746 testamentum
719 3693 807 3762 legem
823 3692 985 3763 prophetias
1000 3689 1144 3760 evangelia
1159 3691 1326 3760 apostolieae

167 3815 170 3820 -
242 3779 375 3851 epistolas
386 3784 416 3834 et
427 3779 561 3850 quicquid
574 3780 603 3833 in
616 3797 722 3834 canone
733 3781 871 3852 scripture
883 3781 1044 3835 continetur
1073 3779 1207 3846 Qnevora
1219 3779 1325 3835 Christi

242 3869 357 3923 ecclesia
373 3866 458 3922 verbo
473 3867 519 3921 dei
535 3867 698 3921 auscultans
713 3872 742 3922 et
758 3866 885 3922 subiecta
899 3885 932 3922 ac
946 3867 1073 3922 doctrina
1090 3867 1279 3937 apostolorum
1296 3873 1325 3922 et

241 3957 442 4029 prophetarum
455 3955 516 4026 ipso
527 3955 543 4009 J
548 3973 596 4010 esu
613 3955 726 4010 Christo
740 3974 851 4011 summo
865 3956 991 4026 angulari
1008 3953 1100 4026 lapide
1114 3953 1233 4009 furrdata
1248 3960 1278 4010 et
1294 3956 1324 4010 in

241 4045 339 4100 eedem
358 4043 451 4116 quoad
466 4044 561 4099 omnis
578 4049 674 4099 eterne
691 4045 792 4100 salutis
811 4045 903 4100 medie
921 4043 1099 4114 acquiescens
1117 4040 1228 4112 publice
1245 4047 1324 4098 tenet

241 4139 322 4188 teneo
338 4150 393 4203 que
409 4133 517 4203 respuit
533 4132 639 4202 abnego
679 4131 713 4186 ln
730 4132 860 4186 omnibus
876 4129 1025 4185 clementia
1041 4129 1188 4186 salvatoris
1203 4132 1323 4207 gretiam

240 4224 385 4292 prestante
397 4219 530 4275 certando
542 4237 592 4290 pro
605 4219 716 4273 iustitia
727 4225 757 4274 et
768 4220 887 4273 veritate
899 4215 1080 4289 perseverabo
