3408 5116
204 326 368 411 1582-83]
640 343 754 392 cnncn
777 344 869 391 noos
893 343 915 393 Δ
1296 331 1359 395 365

202 492 273 548 Gold
413 493 480 549 Ben.
588 494 688 550 Foster
976 495 1142 550 Ohadwicke
1225 542 1230 552 .
1374 505 1395 564 f,
1414 505 1504 566 1401,

202 580 354 652 Atkynson
413 582 457 636 Jo.
591 581 726 654 Haolrsup
801 584 858 637 Pet.
976 584 1069 638 Bushe
1150 501 1241 639 iTm'

205 669 351 740 Mancrn'ng
415 670 481 724 Bon.
589 669 684 725 Oobbe
975 673 1111 728 Wormell
1186 674 1259 744 Mag.

203 756 369 812 Ohadwicke
414 757 478 812 Chr.
590 758 733 813 Robinson
799 761 904 830 Regino
976 761 1092 816 Rushsll
1185 763 1266 818 Clare

203 844 437 900 TboOhambers
472 845 514 898 Jo.
590 845 695 916 Lindge
798 849 831 904 G.
845 848 868 903 dt
881 849 911 904 C.
974 848 1066 903 Coche

203 933 377 988 Willismson
414 932 479 988 Chr.
591 932 773 1075 notherbyep
799 976 824 1031 G
846 979 869 1033 ἃ
881 979 903 1033 O
975 853 1128 994 Bristowei
1186 893 1258 964 ΜΨ

203 1022 328 1078 Gerfeild
590 1021 723 1076 Stcevens
826 1021 832 1035 '
905 1023 911 1034 '
976 1025 1105 1082 Forestcr
1187 1025 1268 1082 Olsre

205 1109 341 1165 Hertford
591 1108 766 1164 Frsrrcklsnd
799 1109 842 1164 Jo.
974 1113 1066 1167 Beker

204 1199 287 1254 nano
415 1163 478 1218 0¹¹¹·
590 1197 686 1268 norys
734 1201 744 1338 p
799 1241 882 1312 ΜΨ
975 1132 1118 1272 nrckson}
1185 1157 1249 1214 ⁰¹¹²·

206 1288 333 1358 Rntclyfl'
593 1283 726 1339 Blsckien
884 1285 890 1296 '
975 1288 1067 1344 Fludd

205 1377 341 1448 'I'rayford
453 1417 460 1432 .
593 1372 775 1428 Rushbrooke
802 1375 859 1430 Pet
977 1377 1089 1431 Wormc
1161 1289 1246 1533 }Jos.

205 1464 312 1518 Barker
473 1507 479 1520 .
592 1462 696 1516 Leman
802 1464 893 1534 Mngd.
976 1464 1151 1520 Williemson

206 1552 303 1624 Kiffyn
452 1594 458 1606 .
591 1551 716 1622 Gwynne
800 1552 844 1606 Jo.
976 1552 1141 1623 Torkynton
1186 1554 1251 1610 (ihr.

205 1641 322 1780 Shsws}
476 1682 481 1694 .
592 1638 758 1783 Pemberis}
801 1685 885 1754 Magd
977 1639 1074 1711 String
1188 1641 1220 1695 G.
1234 1642 1257 1696 dr
1270 1643 1301 1698 O.

206 1727 273 1782 Man
591 1727 740 1798 Berrowgh
886 1726 893 1739 '
977 1729 1077 1796 Corter
1186 1731 1243 1785 Tri.

205 1813 350 1870 Edmonds
467 1857 473 1870 .
591 1814 710 1869 Dswson
977 1817 1063 1889 Wyst
1187 1819 1279 1890 Mngd.

206 1902 327 1958 Kendull
413 1902 456 1956 Jo.
589 1901 710 1956 Oroxton
1157 1911 1207 1962 129

171 2010 175 2016 ·
206 1990 352 2062 Reymend
416 1990 473 2044 Pet
591 1989 714 2044 Hollend

205 2080 273 2135 Men
416 2078 473 2132 Pet
591 2076 687 2132 Orofte

720 1825 729 1960 p
800 1859 865 1916 os.

722 2002 733 2136 }
800 2034 844 2088 n.

204 2348 373 2404 Conceditur
397 2352 432 2402 22
458 2347 554 2402 Martii
579 2346 694 2401 domino
713 2346 861 2402 Francisco
883 2348 1004 2403 Gomsro
1026 2349 1160 2420 Brugensi
1183 2355 1216 2405 vt
1236 2351 1362 2407 studium

276 2439 291 2493 7
310 2453 448 2491 annorum
466 2436 496 2490 in
513 2435 662 2490 academiis
680 2436 912 2506 Argentoracensi
933 2437 1138 2494 Newstndisnsi
1158 2439 1310 2494 Oxoniensi
1332 2445 1362 2496 et

275 2523 498 2595 Cantebrigiensi
507 2523 557 2595 qui
567 2523 643 2578 hisce
653 2524 787 2594 proximis
797 2525 919 2580 comitiis
926 2527 956 2579 in
965 2526 1091 2581 ordinem
1100 2526 1362 2583 bacchelsureorum

275 2615 380 2670 artium
396 2617 544 2684 cooptatus
560 2618 605 2667 est
620 2631 683 2667 cum
702 2612 833 2667 omnibus
851 2614 1075 2684 oppositionibus
1093 2616 1319 2687 responsionibus
1333 2622 1363 2671 et

275 2703 339 2758 aliis
353 2701 492 2757 exercitiis
506 2718 556 2772 per
569 2704 680 2754 statuta
694 2701 769 2770 regis
783 2701 927 2772 requisitis
943 2701 1066 2756 sufficiat
1079 2703 1104 2757 ei
1121 2703 1157 2758 ad
1172 2703 1362 2775 incipiendum

277 2789 428 2846 inertibus

206 2879 376 2936 Conceditur
389 2881 423 2934 26
435 2879 453 2933 J
455 2878 515 2932 unii
530 2877 629 2932 Franc.
642 2877 717 2931 Eure
729 2877 939 2932 honoratissimi
952 2879 1004 2932 viri
1017 2877 1123 2932 domini
1141 2879 1272 2935 Gulielmi
1289 2883 1363 2936 Eure

276 2967 389 3023 beronis
406 2967 480 3021 filius
496 2966 557 3034 (sic)
571 2970 604 3019 vt
619 2965 745 3020 studium
764 2971 779 3021 7
797 2982 935 3020 nnnorum
952 2966 981 3020 in
999 2965 1212 3022 humanioribus
1227 2968 1317 3024 literis
1334 2973 1363 3024 st

276 3056 477 3128 philosophicis
490 3073 554 3110 cum
568 3073 623 3108 vnn
635 3055 812 3126 oppositione
824 3055 853 3108 in
868 3055 1002 3125 vesperiis
1015 3055 1107 3109 autin
1123 3056 1169 3109 die
1185 3057 1361 3112 comitiorum

276 3144 464 3215 proximorum
482 3142 536 3197 sub
553 3160 626 3213 pens
645 3141 685 3196 xli
704 3140 950 3212 persolvendarum
969 3141 1110 3196 academie
1131 3143 1253 3198 sufficiat
1277 3145 1301 3198 ei
1327 3145 1362 3200 ad

276 3230 466 3301 incipiendum
479 3231 509 3285 in
522 3229 632 3284 artibus
645 3229 686 3283 itu
698 3235 730 3282 vt
742 3229 913 3284 admittatur
927 3231 957 3283 in
975 3230 1027 3283 boo
1042 3231 1256 3300 congregacione
1272 3233 1314 3286 sic
1330 3237 1363 3288 vt

278 3321 338 3374 eius
349 3319 484 3374 admissio
497 3322 555 3373 etot
566 3318 592 3372 ci
605 3335 656 3388 pro
669 3318 816 3388 completis
828 3318 915 3388 gradu
928 3328 957 3372 ct
970 3319 1101 3374 formast
1114 3319 1292 3376 iureiurando
1301 3341 1363 3393 pro·

276 3408 375 3463 mittet
387 3426 417 3462 se
429 3405 646 3461 consuetudines
659 3406 804 3476 privilegis
816 3413 846 3460 et
857 3411 968 3461 statuta
980 3406 1066 3461 huius
1078 3407 1220 3463 academie
1232 3409 1362 3466 observa-

278 3500 374 3550 turum
411 3495 531 3566 (peregit
543 3494 639 3548 omnis
650 3495 750 3566 uturp.)

553 3832 782 3898 Bacchsiaurci
801 3831 886 3916 juris
908 3832 1012 3896 civilis

206 4025 375 4082 Conceditur
389 4027 421 4077 18
437 4022 504 4076 Maii
519 4021 657 4075 Bennetto
670 4019 859 4090 'Phoruwgood
876 4026 907 4073 vt
923 4019 1049 4074 studium
1067 4025 1083 4072 5
1100 4037 1238 4073 annorum
1256 4021 1285 4072 in
1303 4021 1363 4074 inre

276 4111 352 4167 civili
370 4128 435 4164 oum
452 4107 676 4180 oppositionibus
693 4106 920 4178 responsionibus
937 4115 967 4161 et
983 4107 1046 4161 sliis
1064 4108 1202 4162 exercitiis
1221 4125 1270 4178 per
1288 4109 1363 4178 regio

277 4205 387 4256 statute
411 4198 555 4268 requisitis
575 4198 697 4252 sufficiat
717 4198 743 4251 oi
764 4197 800 4251 ed
822 4196 986 4251 intrandum
1009 4197 1037 4249 in
1058 4196 1154 4250 codom
1180 4197 1240 4250 iure
1264 4196 1305 4250 sic
1331 4201 1362 4251 vt

274 4288 441 4360 respondent
458 4289 488 4343 in
506 4287 605 4342 babitu
624 4285 815 4340 baoohslnurei
852 4284 956 4339 Eadem
976 4285 1067 4355 gratis
1084 4285 1246 4340 conceditur
1262 4285 1360 4342 eodmn

277 4379 324 4433 W⁰
342 4378 450 4450 Spcght
485 4379 519 4431 28
537 4376 617 4431 Junii
635 4374 758 4440 Roborto
777 4373 875 4444 Hsrvy
