3344 5110
147 377 313 460 1542-43]
578 395 692 443 enses
715 395 807 443 enon
831 396 853 444 n
1283 383 1302 444 5

145 543 220 598 Item
239 544 402 601 conceditur
422 545 537 600 domino
557 544 677 616 Smyihe
698 549 730 600 vi
754 563 855 601 norem
879 546 995 602 termini
1018 551 1083 618 post
1106 546 1218 602 finelm
1242 547 1303 602 eius

213 631 476 688 determinationem
500 634 530 688 in
553 632 659 704 quibus
682 633 815 689 lectiones
840 634 996 689 ordinaries
1020 634 1132 689 audiuit
1155 635 1221 689 lieet
1245 652 1301 690 non

214 721 329 775 omnino
352 721 506 776 secundum
528 721 647 776 formem
669 723 771 778 statuti
797 741 861 778 cum
883 722 976 778 tribus
994 722 1222 794 responsionibus
1244 723 1301 777 suf·

216 809 312 864 fioient
330 812 355 865 ei
374 810 409 865 ed
428 810 619 882 incipiendum
638 811 667 865 in
686 811 797 866 ortibus

145 895 220 951 Item
239 898 402 954 oonoeditur
419 899 523 954 Joenni
544 898 689 970 Bromfyld
708 903 740 954 vi
760 917 807 954 ser
826 899 941 954 termini
961 904 1027 971 post
1046 899 1158 955 finalem
1177 901 1237 955 eius
1254 899 1301 955 de·

148 1011 153 1021 ·
216 987 442 1042 terminationem
463 987 492 1042 in
511 986 616 1057 quibus
635 987 769 1042 lectiones
790 986 947 1042 ordinaries
965 987 1078 1042 audiuit
1098 1004 1149 1058 per
1168 987 1301 1042 maiorem

216 1078 324 1143 parbem
334 1075 364 1129 in
376 1079 438 1129 toto
449 1093 514 1130 cum
525 1075 618 1129 tribus
630 1075 860 1146 responsionibus
871 1075 1013 1130 sufficient
1024 1077 1050 1130 ei
1063 1075 1099 1130 ed
1112 1074 1302 1147 incipiendum

217 1163 246 1217 in
259 1162 369 1218 ortibus

145 1247 252 1304 Eodem
270 1253 362 1320 gratie
377 1251 412 1306 de
429 1251 515 1307 verbo
535 1252 564 1306 in
584 1250 701 1307 verbum
721 1251 884 1306 oonoeditur
900 1251 1015 1306 domino
1033 1251 1149 1323 Geskyn

145 1337 220 1393 Item
241 1339 403 1395 oonoeditur
421 1340 536 1396 domino
558 1340 730 1395 Bewmownt
750 1345 783 1395 vt
806 1357 854 1394 sex
879 1340 994 1394 termini
1018 1345 1083 1412 post
1106 1340 1218 1396 flnelem
1242 1340 1303 1394 eius

216 1425 480 1483 determinationem
505 1430 534 1484 in
559 1429 662 1500 quibus
686 1428 819 1485 lectiones
841 1429 997 1485 ordinaries
1017 1430 1127 1485 audiuit
1157 1429 1222 1486 lieet
1246 1447 1302 1484 non

216 1518 330 1572 omnino
353 1517 507 1573 seeundum
526 1517 645 1573 formem
667 1518 769 1572 statuti
794 1535 859 1572 oum
881 1518 973 1574 tribus
994 1517 1222 1590 responsionibus
1246 1518 1303 1573 sui·

216 1604 313 1660 fioienb
330 1605 356 1660 ei
374 1605 410 1661 sd
429 1605 621 1678 incipiendum
640 1607 669 1661 in
691 1605 802 1662 artibus

144 1691 252 1747 Eadem
270 1695 361 1764 metio
378 1694 414 1750 de
431 1693 516 1750 verbo
534 1695 563 1751 in
582 1694 699 1750 verbum
718 1695 881 1750 oenoeditur
899 1695 1051 1750 Bensdioto
1069 1693 1208 1750 Outbelde

145 1779 220 1836 Item
233 1781 395 1838 conceditur
410 1783 550 1838 Richardo
568 1784 685 1838 Presbon
699 1788 731 1837 vi
747 1801 795 1838 sex
806 1783 922 1838 termini
940 1789 1005 1854 post
1017 1783 1077 1838 eius
1089 1782 1200 1837 finalem
1213 1783 1304 1838 deier-

216 1870 400 1926 minetionem
407 1871 548 1942 inquibus
557 1871 690 1926 lectiones
702 1871 857 1926 ordinaries
866 1871 978 1927 audiuit
989 1888 1039 1943 per
1048 1870 1181 1926 maiorem
1193 1877 1303 1943 purtem

215 1959 245 2012 in
265 1964 326 2014 toto
343 1977 408 2015 oum
426 1959 536 2016 duobus
554 1959 782 2031 responsionibus
798 1965 827 2015 ei
844 1977 900 2014 vno
915 1959 1071 2015 venatione
1086 1977 1161 2014 enno
1177 1959 1304 2030 proximo

215 2046 357 2102 sufficient
368 2048 393 2102 ei
405 2047 441 2102 ed
453 2047 643 2119 incipiendum
656 2049 686 2102 in
698 2046 809 2103 ortibus

144 2133 210 2188 Vns
221 2151 284 2188 oum
302 2134 347 2190 his
361 2135 466 2207 incepit
479 2136 611 2192 dominus
626 2137 711 2192 Bedle
723 2136 758 2192 de
769 2135 884 2207 collegio
897 2135 994 2207 Regali
1011 2151 1131 2208 proquo
1146 2134 1223 2190 nulla
1238 2152 1303 2190 oon·

216 2239 294 2277 oesse
305 2241 396 2294 neque
409 2225 499 2295 petits
510 2230 555 2280 est
566 2224 740 2297 dispensatio

143 2309 219 2364 Item
231 2309 394 2365 oonoeditur
404 2311 511 2367 Thome
520 2311 674 2368 Grenwood
686 2314 792 2367 urbium
804 2312 953 2384 professori
966 2311 995 2366 in
1006 2310 1192 2366 uniuersitsto
1201 2311 1303 2367 Parisi-

215 2397 275 2451 ensi
288 2403 319 2451 vt
330 2398 370 2452 sii
384 2397 430 2452 hio
445 2397 521 2470 epud
537 2415 586 2454 vos
604 2398 634 2453 in
650 2398 748 2453 eodem
762 2397 851 2468 gredu
868 2415 925 2469 quo
942 2396 1025 2452 stetit
1040 2396 1155 2452 Parisiis
1171 2397 1213 2452 ite
1227 2398 1303 2470 quod

213 2484 301 2540 liure
313 2485 416 2556 gredus
428 2487 550 2558 miseepti
564 2487 641 2558 prins
653 2504 748 2542 eorem
759 2485 840 2557 vobis
852 2485 982 2557 legentur

479 2892 710 2959 Beeohelaurei
731 2893 766 2958 in
789 2893 860 2958 iure
882 2892 972 2958 oiuiii

144 3074 221 3129 Item
237 3071 400 3128 oonoeditur
415 3073 523 3128 Thome
541 3072 642 3145 Pylson
659 3077 693 3126 vt
710 3070 837 3126 studium
853 3075 977 3142 quatuor
991 3087 1130 3126 annorum
1148 3071 1177 3126 in
1196 3070 1306 3127 artibus

216 3159 247 3215 in
265 3160 318 3215 heo
338 3161 524 3215 vniuersibete
545 3163 575 3214 et
592 3159 681 3214 trium
704 3176 843 3214 annorum
862 3159 892 3213 in
911 3158 971 3213 iure
993 3158 1070 3213 ciuili
1088 3158 1209 3214 sufficiet
1226 3159 1252 3214 ei
1269 3158 1306 3214 ed

217 3247 380 3303 iubendum
399 3247 429 3302 in
447 3247 544 3303 eodem
562 3249 623 3303 iure

612 3352 654 3407 Mr
671 3352 843 3408 Grenewood

628 3457 824 3528 inoorporstus

145 3637 316 3704 Numerus
334 3635 565 3724 magistrorum
580 3635 615 3700 in
630 3635 757 3701 entibus
778 3635 838 3700 hoo
858 3656 944 3699 enno
959 3633 1054 3700 iuxta
1068 3633 1306 3699 senioribetem¹

307 3789 422 3863 Wyison
644 3789 718 3844 Lues
1032 3789 1150 3844 Preston

307 3878 403 3950 Heyre
644 3875 788 3948 Kyibelde
1034 3875 1113 3932 Fuell

306 3967 391 4022 Bedle
642 3965 759 4037 Geslryn
1032 3965 1180 4020 Bemownt

305 4055 465 4127 Bromfylde
641 4053 759 4125 Cowper
1034 4053 1104 4108 Iaees

305 4143 447 4199 Amheion
643 4141 851 4198 Christoierson
1035 4141 1153 4214 Smythe

309 4231 442 4304 Rewlyns

179 4420 188 4452 ¹
207 4418 294 4468 These
311 4430 402 4467 nomes
418 4430 463 4467 ere
479 4415 581 4466 written
597 4429 685 4466 soreos
701 4414 747 4465 the
762 4414 864 4466 botiom
881 4415 910 4465 oi
924 4415 960 4466 io.
972 4413 1012 4464 rb
1029 4427 1059 4465 ss
1075 4411 1150 4464 ibose
1166 4426 1202 4463 on
1218 4427 1244 4478 p.
1256 4413 1281 4464 4.
