3378 5116
190 360 354 445 1562-63]
624 373 738 422 onnon
761 372 853 422 noos
876 374 900 420 s

643 1048 889 1132 [1562-1563]

189 1241 311 1306 Gratiae
341 1242 408 1304 sive
440 1239 615 1324 petitiones
645 1261 794 1305 concesse
819 1239 853 1304 in
880 1239 978 1326 pleno
1004 1238 1254 1324 congregatione
1282 1237 1344 1302 Re-

275 1345 424 1431 gentium
457 1355 491 1409 et
529 1367 595 1410 non
632 1344 831 1430 Regentium
862 1366 882 1408 o
915 1344 997 1408 festo
1035 1344 1138 1407 sancti
1178 1341 1345 1407 Michaelis

227 1479 230 1484 ’
275 1449 460 1535 archangeli
490 1471 575 1513 anno
605 1447 729 1514 domini
759 1449 843 1514 1562
874 1469 975 1532 vsque
1005 1445 1092 1511 idem
1119 1446 1239 1510 festum
1266 1454 1345 1510 tunc

275 1554 420 1640 proxime
440 1576 579 1640 sequens
625 1552 795 1618 Francisco
814 1552 956 1618 Newton
978 1573 1066 1616 sacre
1091 1551 1253 1636 theologie
1271 1571 1344 1635 pro·

276 1659 394 1724 sessore
417 1668 497 1724 tune
518 1657 777 1723 vicecancellario
801 1665 834 1722 et
858 1655 958 1722 Andr.
980 1655 1190 1742 Oxeubridge
1212 1664 1247 1720 et
1269 1654 1344 1720 Joh.

276 1762 415 1849 Igulden
438 1760 699 1849 procuratoribus

190 1964 360 2020 Conceditur
377 1969 411 2020 2³
431 1963 561 2019 Octobris
577 1967 610 2018 vt
627 1980 724 2018 omnes
742 1961 831 2032 gratie
848 1960 1024 2015 admittende
1041 1979 1092 2032 per
1108 1960 1254 2016 dominum
1273 1961 1344 2015 vice-

259 2053 456 2108 cancellarium
472 2052 600 2108 doctores
618 2051 706 2106 Peroe
724 2049 832 2105 Fourth
848 2053 878 2103 et
894 2047 1008 2102 Wolker
1024 2050 1173 2118 magistros
1192 2047 1346 2102 stfourd

260 2145 289 2196 et
309 2139 446 2211 Abythell
469 2139 579 2211 possint
603 2155 765 2192 concurrere
786 2138 816 2192 in
837 2140 960 2208 quatuor
980 2134 1240 2207 congregationibus
1261 2134 1346 2190 huius

260 2227 327 2283 enni
345 2227 386 2282 sic
404 2232 437 2282 vt
454 2244 552 2283 omnes
570 2227 749 2283 consentiant

579 2526 809 2592 Bacchelaurei
833 2525 953 2592 artium

189 2714 359 2772 Conceditur
382 2721 416 2772 29
440 2716 569 2772 anuarii
593 2716 636 2771 J0.
661 2715 777 2770 stson
802 2719 834 2770 vt
859 2719 891 2769 12
911 2715 1024 2770 termini
1042 2715 1072 2769 iu
1090 2714 1194 2786 quibus
1212 2714 1344 2768 lectiones

260 2803 413 2860 ordinarias
431 2804 541 2858 oudivit
560 2804 627 2859 licet
646 2821 702 2858 non
721 2803 835 2858 omnino
853 2802 1007 2858 secundum
1025 2803 1143 2857 fonnem
1162 2803 1264 2858 statuti
1280 2818 1345 2856 cum

166 2932 169 2936 -
260 2892 483 2964 oppositionibus
507 2893 736 2963 responsionibus
760 2900 789 2948 et
813 2893 876 2947 aliis
900 2893 1040 2948 exercitiis
1064 2910 1113 2963 per
1137 2895 1247 2947 statute
1270 2891 1346 2961 regis

260 2981 402 3052 requisitis
420 2982 562 3036 sufficiant
580 2982 604 3036 ei
623 2981 660 3036 od
678 2981 902 3053 respondendum
920 2981 1061 3053 questioni

190 3069 296 3124 Eadem
322 3070 413 3140 gretia
437 3070 600 3126 conceditur
624 3070 721 3125 eodem
745 3071 791 3124 die
816 3071 954 3126 Willelmo
982 3071 1080 3126 Butler
1108 3071 1230 3125 Mortino
1255 3069 1345 3140 Gillye

260 3159 399 3214 Willelmo
419 3159 555 3215 Dethicke
573 3160 670 3215 Freuc.
690 3159 842 3214 Gerthside
860 3159 936 3215 Edw.
957 3160 1122 3214 Lewckener
1140 3157 1228 3213 Anth.
1245 3157 1345 3213 Wood-

259 3247 335 3302 word
359 3248 498 3303 Gwoltero
523 3247 618 3302 Allein
643 3246 712 3302 Rob.
738 3246 863 3304 Hellend
888 3248 973 3306 Mich.
999 3247 1153 3319 Hennedge
1174 3248 1216 3302 W.
1240 3247 1347 3318 Oooper

261 3335 343 3389 Leon.
365 3334 459 3391 Oooke
482 3335 551 3391 Tho.
575 3336 643 3391 Best
667 3336 737 3392 Tho.
760 3336 863 3407 Ieigho
889 3336 963 3393 now.
986 3335 1156 3393 Grenwoodo
1179 3335 1223 3391 Jo.
1247 3335 1345 3391 Picord

259 3423 302 3477 Jo.
323 3423 392 3478 Scut
411 3423 494 3478 lieno.
514 3423 621 3479 Nutter
640 3424 698 3479 Rio.
718 3424 877 3496 Reynoldes
895 3423 993 3480 Frenc.
1014 3424 1130 3480 Morden

190 3509 360 3566 Conceditur
385 3510 429 3566 Jo.
456 3512 534 3582 Dsye
561 3516 596 3566 29
620 3511 749 3567 tannarii
773 3517 805 3566 rt
831 3515 862 3567 11
888 3512 1002 3567 termini
1030 3513 1060 3567 in
1084 3511 1188 3584 quibus
1212 3505 1379 3567 lectionesl.
1396 3503 1466 3563 ttb

260 3597 415 3654 ordinarius
433 3599 543 3654 audivit
561 3599 628 3654 licet
646 3617 702 3654 non
721 3600 835 3654 omnino
853 3599 1009 3656 secundum
1025 3601 1145 3656 formam
1162 3600 1265 3656 statuti
1282 3617 1347 3655 oum

260 3685 484 3756 oppositionibus
509 3685 737 3757 responsionibus
761 3691 791 3743 et
814 3686 877 3741 eliis
902 3687 1043 3742 exercitiis
1066 3705 1116 3759 per
1139 3691 1249 3744 statute
1272 3687 1348 3756 regie

260 3776 404 3846 requisitis
422 3776 564 3832 sufficiant
581 3777 607 3831 ei
625 3775 685 3850 [ed]
703 3776 928 3848 respondendum
947 3778 1088 3848 questioni

189 3861 296 3918 Eodem
314 3863 406 3934 gretie
424 3864 588 3920 conmditur
605 3864 703 3920 eodem
721 3864 895 3920 Christoforo
917 3864 1066 3937 Kyrlrlend
1084 3865 1162 3921 Alex.
1182 3863 1347 3934 Fitcielerey

261 3951 397 4032 Nicholso
415 3953 510 4009 Fuller
528 3953 627 4008 Oorolo
645 3952 669 4027 [l
681 3953 777 4027 Leno]
795 3953 912 4008 Browne
928 3953 971 4008 Jo.
990 3953 1096 4008 Gravet
1109 3952 1127 4008 J
1129 3971 1152 4007 o.
1168 3952 1263 4008 Moore
1277 3951 1345 4008 Rob.

261 4038 397 4094 Hudsonc

190 4127 296 4183 Eodem
312 4129 403 4199 gretie
419 4147 483 4184 curn
503 4135 535 4184 12
552 4131 681 4185 terminis
698 4129 860 4184 conceditur
875 4135 891 4184 5
905 4129 1050 4184 Februarii
1067 4130 1135 4184 Tho.
1151 4129 1249 4185 Kened
1267 4130 1346 4185 Rich.

262 4217 365 4274 Peohet
385 4219 421 4272 H.
440 4219 558 4290 Tyndoll
578 4220 629 4275 Ed.
646 4219 805 4291 Stenehope
823 4219 892 4274 Tho.
910 4219 1021 4291 Pynder
1039 4218 1118 4274 Rich.
1136 4218 1260 4274 Moither
1277 4220 1346 4274 Tho.

262 4305 405 4360 leuclmer
425 4306 467 4362 W.
489 4306 616 4361 Redmon
638 4307 707 4362 Gob.
729 4307 839 4361 Duclret
860 4305 936 4361 Joco.
957 4305 1020 4376 Byll
1042 4306 1093 4362 Ed.
1115 4305 1254 4377 Doddyng
1278 4307 1347 4362 Tho.

261 4391 375 4464 Wyllrcs
392 4394 435 4449 Jo.
455 4393 604 4466 Browning

272 4523 297 4566 r.
315 4523 355 4566 rr.
606 4535 610 4546 ·
1231 4511 1266 4569 ll
