3422 5116
182 322 353 407 1542-48]
618 340 732 389 susce
755 342 847 390 eoos
871 342 893 390 s
1321 334 1341 396 3

180 492 287 549 Eadem
299 495 390 565 gratie
401 495 437 550 de
450 495 534 550 verbo
545 496 576 550 in
587 496 705 551 verbum
717 497 880 553 conceditur
893 499 1028 554 Nicholeo
1041 500 1157 556 Mindon

182 581 256 637 Item
271 583 435 639 conceditur
449 584 554 639 Josnni
570 585 774 640 Greuwoodvt
794 591 826 640 12
843 587 957 642 termini
973 589 1105 659 completi
1121 589 1150 643 iu
1167 590 1271 660 quibus
1287 590 1339 646 lec·

252 673 343 726 tiones
367 672 523 728 ordinaries
540 673 655 728 ¹audiuit
674 691 724 744 per
744 676 878 730 maiorem
900 680 1010 746 partem
1030 677 1061 731 in
1083 682 1143 734 toto
1168 697 1234 734 cum
1255 697 1339 750 oppo-

252 759 402 816 sitionibus
419 767 450 816 et
466 760 694 833 responsionibus
709 763 853 832 requisitis
870 765 1011 820 sufficient
1023 765 1049 819 ei
1062 765 1099 820 ad
1115 765 1339 837 respondendum

251 847 392 918 questioni
1254 887 1256 894 ›

182 935 289 991 Eadem
307 937 397 1006 gistis
412 935 448 991 de
464 935 548 991 verbo
566 937 596 990 in
616 936 734 992 verbum
752 937 914 993 conceditiu
932 939 1039 994 Thome
1057 938 1134 995 Snell
1152 945 1182 995 et
1201 941 1340 998 Richardo

254 1024 370 1095 Mytche

183 1112 258 1166 item
274 1111 436 1168 conceditur
449 1111 597 1166 Dominico
613 1111 746 1184 Heskyns
760 1119 794 1168 vt
809 1113 956 1168 duodecim
973 1115 1086 1169 termini
1099 1115 1224 1186 quinque
1240 1115 1293 1170 bac
1309 1117 1339 1170 in

253 1201 436 1256 miuersitste
447 1206 478 1254 et
491 1204 600 1271 septem
614 1199 729 1256 Oxoniis
745 1201 775 1255 in
792 1201 897 1272 quibus
912 1201 1046 1256 lectiones
1058 1201 1213 1258 ordinaries
1228 1203 1340 1258 audiuit

253 1305 303 1358 per
320 1288 454 1343 maiorem
473 1291 583 1358 partem
601 1288 631 1342 in
649 1292 711 1341 toto
729 1305 794 1342 cum
818 1288 1041 1358 oppositionibus
1063 1294 1093 1344 et
1113 1290 1340 1361 responsionibus

254 1375 397 1445 requisitis
414 1375 537 1430 sufficiat
548 1373 612 1447 [sic]
630 1374 684 1428 sibi
703 1374 739 1429 ed
757 1374 983 1446 respondendum
1001 1377 1142 1447 questioni

184 1464 259 1519 Item
271 1463 433 1518 conceditur
442 1462 581 1517 Richardo
592 1462 714 1534 Patryck
727 1467 758 1517 vt
772 1467 805 1517 12
818 1464 931 1518 termini
941 1481 1005 1518 cum
1017 1481 1050 1520 eo
1062 1465 1159 1535 inquo
1170 1464 1339 1521 determina·

254 1556 336 1606 turus
348 1556 391 1607 est
408 1552 437 1606 in
453 1550 559 1622 quibus
575 1551 708 1606 lectiones
720 1551 876 1606 ordinarias
892 1552 1003 1606 sudiuit
1019 1569 1069 1622 per
1080 1553 1214 1608 maiorem
1229 1559 1339 1624 pertem

252 1639 402 1695 cuiuslibet
421 1641 535 1695 termini
560 1657 625 1695 cum
649 1639 874 1711 oppositionibus
894 1645 924 1696 st
943 1639 1171 1712 responsionibus
1195 1642 1339 1713 requisitis

254 1728 394 1784 sufficiant
411 1728 465 1783 sibi
484 1728 520 1783 ed
539 1727 764 1798 respondendum
782 1730 924 1799 questioni

182 1814 289 1870 Eadem
308 1817 399 1886 grstia
416 1815 451 1869 de
468 1813 553 1869 verbo
571 1814 601 1868 in
618 1812 736 1868 verbum
753 1815 917 1870 conceditur
933 1814 1036 1870 Josnni
1055 1816 1158 1888 Battye

182 1903 258 1958 Item
276 1903 438 1958 conceditur
456 1901 629 1958 Obristoisro
648 1902 755 1957 Blande
772 1911 805 1958 vt
824 1910 887 1959 octo
904 1905 1018 1959 termini
1038 1905 1067 1960 in
1086 1903 1189 1976 quibus
1206 1907 1340 1962 lectiones

254 1988 408 2044 ordinaries
425 1987 536 2043 audiuit
553 2005 605 2059 per
622 1989 756 2044 maiorem
775 1993 885 2060 partem
904 1991 934 2044 in
954 1996 1015 2045 toto
1036 2009 1100 2046 cum
1117 1993 1340 2064 oppositionibus

254 2082 284 2130 et
295 2074 522 2148 responsionibus
534 2076 678 2146 requisitis
691 2078 833 2132 sufficient
845 2078 898 2133 sibi
910 2078 947 2133 ad
962 2078 1186 2149 respondendum
1198 2081 1340 2152 questioni

183 2165 259 2220 Item
281 2165 443 2220 conceditur
462 2165 602 2219 Gulielmo
624 2165 743 2236 Bowgbe
764 2166 926 2242 presbitero
941 2171 973 2222 vt
996 2171 1026 2221 ll
1050 2167 1164 2222 termini
1185 2169 1215 2222 in
1236 2167 1340 2238 quibus

254 2251 387 2306 lectiones
411 2252 566 2308 ordinarias
590 2253 702 2308 audiuit
731 2254 797 2308 licet
820 2273 877 2308 non
900 2256 1015 2310 omnino
1040 2255 1339 2312 secundum·f0rmam
1401 2271 1404 2278 ·

242 2340 357 2418 ‚statuti
370 2357 433 2394 cum
447 2339 671 2411 oppositionibus
682 2345 711 2394 et
724 2341 951 2412 responsionibus
963 2343 1106 2412 requisitis
1118 2344 1239 2398 sufficiat
1250 2345 1276 2400 ei
1289 2363 1340 2415 pro

254 2427 401 2498 completis
421 2426 510 2497 gradu
530 2431 560 2480 et
580 2427 670 2480 forma
689 2425 921 2482 bachaleureatus
939 2429 968 2483 in
991 2419 1100 2484 artibus
1120 2430 1162 2486 its
1183 2430 1258 2501 quod
1279 2433 1340 2486 eius

254 2515 383 2570 eruditio·
395 2515 474 2586 prius
494 2515 654 2570 examinata
675 2521 704 2569 et
724 2515 881 2587 approbata
900 2517 985 2571 fuerit
1006 2535 1055 2588 per
1076 2519 1224 2589 magistros
1244 2520 1341 2576 Sedler

254 2605 285 2657 et
302 2602 424 2657 Hsddon
443 2601 671 2674 quandoquidem
690 2601 726 2656 ab
747 2601 910 2658 achademia
927 2603 964 2658 sd
981 2605 1129 2661 seruitium
1146 2625 1181 2662 ex
1199 2608 1341 2678 insperato

254 2695 370 2746 vocatus
386 2691 463 2746 diem
480 2691 605 2746 cinerum
625 2691 783 2761 proximum
802 2690 908 2762 absque
924 2692 1000 2747 illius
1020 2693 1098 2763 gravi
1117 2695 1293 2750 incommodo
1311 2701 1341 2751 et

256 2779 379 2834 maximo
397 2779 543 2849 dispendio
561 2783 707 2849 expectere
725 2796 782 2832 non
799 2782 894 2850 potest

182 2867 260 2922 Item
275 2867 436 2922 conceditur
450 2867 590 2922 Gulielmo
606 2865 800 2938 Grymsdycbe
815 2872 847 2920 vt
865 2871 898 2920 10
914 2868 1027 2922 termini
1044 2867 1175 2940 completi
1191 2871 1220 2924 in
1237 2871 1341 2941 quibus

255 2956 389 3010 lectiones
405 2954 561 3010 ordinaries
577 2953 689 3009 audiuit
704 2971 754 3025 per
765 2955 899 3008 ursionem
913 2960 1022 3026 partem
1037 2956 1067 3011 in
1081 2962 1219 3013 tetecum
1232 2961 1340 3031 opposi-

255 3041 380 3098 tionibus
397 3047 427 3098 et
446 3042 675 3114 responsionibus
693 3043 837 3113 requisitis
858 3043 998 3098 sufficiant
1018 3046 1044 3099 ei
1063 3044 1099 3101 ad
1117 3047 1341 3117 respondendum

256 3133 398 3203 questioni

184 3221 292 3277 Eadem
309 3221 401 3292 gretie
418 3220 581 3275 conceditur
597 3219 748 3275 Edmundo
768 3219 868 3291 Lyster

185 3311 259 3365 Item
273 3309 436 3364 conceditur
448 3309 566 3378 Georgic
583 3309 658 3363 Meic
671 3315 702 3363 vt
716 3307 812 3363 decem
828 3309 942 3363 termini
959 3327 1023 3363 cum
1036 3327 1069 3364 eo
1085 3309 1114 3365 in
1127 3328 1184 3380 quo
1196 3315 1240 3366 est
1251 3309 1340 3367 deter-

255 3399 415 3453 minaturus
428 3398 457 3452 in
469 3397 574 3468 quibus
585 3397 719 3452 lectiones
732 3396 887 3452 ordinarias
899 3398 1010 3453 audiuit
1021 3417 1071 3470 per
1083 3399 1217 3454 maiorem
1232 3405 1341 3470 purtem

256 3486 285 3540 in
302 3490 364 3540 tcto
380 3501 444 3539 cum
461 3482 686 3555 oppositionibus
704 3486 733 3537 et
750 3482 979 3554 responsionibus
996 3485 1141 3554 requisitis
1158 3486 1299 3541 sufficient
1314 3487 1341 3542 ei

255 3574 291 3628 ed
309 3571 535 3643 respondendum
553 3572 696 3644 questioni

184 3661 290 3716 Esdeur
309 3661 400 3731 gratia
417 3659 580 3716 conceditur
599 3659 753 3730 Reginsldc
772 3659 888 3714 Lovolas
905 3661 940 3715 de
959 3659 1043 3715 verbo
1061 3661 1091 3715 in
1110 3659 1226 3716 verbum

185 3749 259 3804 Item
279 3748 442 3803 conceditur
463 3748 556 3802 Eiisec
578 3747 746 3803 Bredshswe
764 3754 796 3802 vt
815 3748 944 3803 undecim
965 3750 1079 3804 termini
1101 3767 1165 3804 cum
1183 3768 1216 3805 eo
1234 3751 1264 3805 in
1285 3769 1341 3822 quo

254 3836 492 3891 determinaturus
500 3842 545 3890 ost
557 3835 587 3890 in
598 3833 703 3906 quibus
714 3834 848 3889 lectiones
857 3834 1013 3890 ordinaries
1025 3836 1136 3891 audiuit
1147 3855 1197 3909 per
1208 3838 1341 3892 maiorem

254 3929 363 3994 purtem
379 3923 409 3976 in
426 3927 487 3976 tcto
505 3939 570 3976 cum
591 3920 816 3992 oppositionibus
832 3926 861 3976 et
877 3921 1106 3993 responsionibus
1121 3923 1266 3994 requisitis
1284 3924 1341 3978 sui-

254 4009 350 4063 ficisnt
369 4007 423 4062 sibi
442 4007 478 4062 ed
496 4007 722 4078 respondendum
739 4008 881 4076 questioni

183 4098 258 4152 item
278 4095 439 4151 conceditur
457 4096 475 4151 d
536 4095 624 4151 che
636 4100 668 4150 vt
687 4099 720 4150 12
738 4097 853 4150 termini
871 4097 901 4150 iu
919 4095 1023 4168 quibus
1038 4098 1172 4154 lectiones
1187 4101 1342 4158 ordinarias

255 4183 366 4240 audiuit
383 4201 434 4256 per
449 4184 582 4238 maiorem
599 4189 708 4254 partem
729 4182 758 4236 iu
776 4187 836 4237 toto
858 4201 923 4238 cum
941 4185 1166 4260 oppositionibus
1183 4193 1213 4244 et
1230 4207 1341 4261 respon·

254 4271 382 4328 sionibus
395 4273 538 4342 requisitis
553 4271 695 4326 sufficiant
709 4271 735 4325 ei
751 4270 788 4326 ed
804 4272 1030 4343 respondendum
1048 4276 1190 4344 questioni

184 4361 292 4418 Eadem
304 4360 396 4433 gratia
407 4359 570 4415 conceditur
581 4358 704 4414 dominis
716 4358 806 4431 Beyly
819 4359 935 4431 Gybson
947 4365 978 4416 et
989 4361 1102 4432 Pyndar
1117 4399 1119 4404 -

1185 4480 1262 4538 1-2
