3386 5114
785 360 899 408 onnon
921 361 1015 408 soon
1038 359 1061 406 a
1341 341 1509 426 [1567-68

777 827 928 914 Magistri
951 827 1070 890 artium

347 1039 517 1094 Conceditur
534 1043 569 1095 26
586 1039 683 1094 Martii
701 1040 814 1094 domino
831 1039 899 1093 Tho.
918 1038 1007 1092 Wood
1025 1042 1056 1093 vt
1073 1041 1091 1093 9
1107 1038 1222 1092 termini
1239 1043 1303 1107 post
1319 1037 1429 1090 finalem
1443 1037 1505 1089 eius

417 1123 681 1178 determinacionem
708 1126 737 1178 in
762 1125 867 1195 quibus
892 1125 1025 1179 lectiones
1049 1123 1205 1178 ordinarias
1229 1123 1338 1177 audivit
1359 1122 1423 1176 licet
1446 1139 1503 1175 non

418 1213 531 1267 omniuo
543 1203 697 1268 secuudum
711 1215 830 1268 formam
846 1214 949 1269 statuti
963 1230 1028 1268 oum
1040 1211 1264 1284 oppositionibus
1276 1211 1504 1282 responsionibus

416 1306 446 1355 et
459 1302 521 1356 aliis
534 1303 673 1357 exercitiis
685 1320 735 1373 per
747 1307 857 1358 statuta
871 1303 1015 1373 requisitis
1029 1302 1171 1356 sufficiant
1180 1303 1205 1356 ei
1218 1301 1253 1356 ad
1266 1300 1456 1372 incipiendum
1472 1301 1502 1354 in

416 1388 525 1444 artibus

346 1478 452 1532 Eadem
470 1479 561 1548 gratia
577 1478 741 1533 conceditur
755 1477 852 1532 eodem
869 1479 895 1534 d.
914 1479 1037 1533 Roberto
1055 1479 1168 1549 Sawyer
1185 1478 1210 1533 d.
1227 1478 1275 1532 W⁰
1293 1477 1389 1532 James
1407 1477 1433 1533 d.
1453 1477 1502 1530 W⁰

416 1567 486 1636 saga
504 1549 588 1623 a's.
609 1565 729 1621 naxon
744 1567 770 1622 a.
789 1567 837 1620 w⁰
851 1566 995 1621 mnemia
1011 1567 1037 1622 a.
1055 1566 1163 1620 Simoni
1181 1566 1305 1636 ingrana
1319 1565 1345 1619 a.
1365 1563 1502 1618 nicholao

417 1655 511 1709 Lovell
523 1656 549 1710 d.
565 1656 659 1711 Barth.
675 1656 770 1710 Heath
783 1655 808 1710 d.
823 1656 866 1711 Jo.
881 1657 988 1727 Tracye
999 1656 1025 1710 d.
1038 1655 1159 1710 Ricardo
1172 1656 1350 1726 Remyugton
1363 1655 1389 1709 d.
1400 1653 1499 1708 Ambr.

284 1805 286 1808 ¹
417 1742 509 1796 Fourd
522 1747 551 1796 et
564 1741 590 1797 d.
605 1743 688 1797 Petro
702 1743 801 1814 Playce
814 1761 903 1813 nuper
914 1743 989 1797 socio
1002 1742 1109 1813 collegii
1122 1742 1201 1812 Regii

347 1829 453 1884 Eadem
470 1831 562 1900 gratia
579 1831 742 1885 conceditur
759 1832 851 1901 primo
872 1831 980 1900 Aprilis
1000 1831 1026 1885 d.
1050 1830 1137 1885 Clem.
1160 1830 1277 1884 Browne
1298 1830 1324 1885 d.
1347 1829 1453 1883 Culson
1472 1829 1498 1882 d.

417 1918 514 1972 Frauc.
535 1918 697 1988 Broughton
719 1918 745 1973 d.
765 1918 834 1972 Rob.
858 1918 982 1988 Norgate
1004 1917 1029 1972 d.
1053 1918 1184 1972 Christos.
1206 1918 1310 1972 Shutte
1331 1916 1356 1970 d.
1380 1916 1500 1970 Ricardo

417 2005 554 2059 Gordiner
568 2005 594 2059 d.
613 2005 689 2075 Step.
709 2005 844 2075 Lymbart
861 2005 887 2059 d.
905 2005 948 2058 Jo.
969 2003 1091 2058 Stallard
1128 2005 1166 2058 Et
1185 2009 1201 2059 9
1220 2003 1327 2075 Aprilis
1345 2003 1371 2058 d.
1391 2001 1500 2057 Simoni

417 2093 535 2163 Smythc
551 2092 577 2146 d.
594 2092 725 2147 Christof.
745 2091 885 2162 Hayward

224 2188 241 2241 f.
260 2185 297 2242 93
314 2206 331 2241 a
346 2182 451 2236 Eadem
464 2183 555 2252 gratia
571 2183 734 2238 conceditur
750 2182 846 2236 eodem
859 2181 885 2236 d.
901 2181 988 2237 Henr.
1002 2181 1136 2252 Wythers
1147 2181 1174 2235 d.
1189 2181 1308 2235 Ricardo
1321 2180 1404 2234 Huut
1415 2179 1441 2233 d.
1455 2179 1469 2232 J
1474 2197 1498 2232 o.

414 2271 520 2324 Cockes
539 2270 563 2325 d.
585 2271 652 2324 Tho.
676 2272 780 2324 Sutton
801 2270 828 2326 d.
852 2269 920 2324 Rob.
944 2270 1086 2323 Ramsden
1107 2269 1133 2346 d.¹
1157 2269 1236 2323 Geor.
1260 2268 1353 2323 Slater
1373 2268 1399 2324 d.
1423 2267 1497 2336 Hug.

414 2359 505 2412 Booth
518 2359 543 2414 d.
559 2359 677 2414 Ricardo
694 2361 796 2430 Smyth
812 2363 841 2413 et
857 2359 971 2413 domino
988 2358 1068 2413 Edm.
1086 2359 1207 2429 Symeon
1225 2376 1289 2412 cum
1306 2357 1358 2412 hac
1375 2357 1500 2411 clausula

414 2448 528 2516 (partim
542 2448 643 2502 Oxonii
655 2449 760 2518 partim
773 2449 818 2502 hic
831 2449 963 2518 peractis)

344 2535 447 2588 Eadem
461 2537 552 2604 gratia
564 2538 726 2591 conceditur
739 2539 768 2592 7⁰
780 2537 848 2591 Maii
863 2536 889 2590 d.
904 2536 987 2590 Amb.
1006 2535 1172 2606 Coppyuger
1186 2534 1214 2591 d.
1232 2536 1275 2590 Jo.
1294 2533 1454 2588 Disborowe
1469 2533 1496 2588 d.

413 2623 493 2676 Edm.
508 2625 629 2695 Bishope
641 2625 666 2678 d.
681 2615 730 2678 W⁰¹
742 2625 839 2695 Lakyu
852 2623 878 2677 d.
893 2624 940 2676 W⁰
956 2623 1076 2678 Stanton
1093 2623 1118 2678 d.
1134 2623 1244 2676 Danieli
1260 2623 1397 2676 Cardiner
1411 2620 1438 2675 d.
1453 2622 1470 2674 J
1472 2639 1495 2675 0.

413 2712 512 2765 Sterne
524 2711 550 2765 d.
565 2712 607 2765 Jo.
622 2711 755 2765 Hansoue
771 2711 796 2765 d.
812 2709 897 2765 Gwal.
911 2710 1017 2764 Barker
1031 2711 1057 2764 d.
1073 2710 1172 2764 Mauri.
1188 2710 1334 2764 Faukeuer
1349 2709 1375 2764 d.
1393 2709 1496 2764 Matth.

413 2799 515 2853 Holme
539 2799 565 2852 d.
592 2799 712 2853 Roberto
738 2799 824 2853 Holte
847 2799 872 2855 d.
897 2799 968 2854 ch.
992 2799 1107 2854 Callant
1126 2799 1153 2854 d.
1176 2799 1224 2850 W⁰
1247 2798 1381 2869 Hansbye
1401 2799 1428 2853 d.
1451 2799 1495 2856 J0.

413 2885 583 2939 Knewstubs
594 2885 620 2939 d.
636 2887 677 2940 W.
693 2887 794 2940 Hawes
806 2887 832 2941 d.
846 2886 914 2942 Tho.
929 2887 1046 2941 Brorrne
1082 2886 1251 2940 Conceditur
1267 2885 1364 2940 eodem
1381 2886 1406 2941 d.
1425 2887 1494 2943 Tho.

411 2973 598 3027 Vnderdoune
610 2977 642 3027 vt
654 2977 671 3028 9
683 2975 796 3028 termini
810 2976 839 3028 iu
851 2975 955 3045 quibus
968 2976 1071 3045 partim
1082 2975 1215 3028 lectiones
1223 2975 1378 3029 ordinarias
1387 2976 1497 3031 audivit

410 3063 515 3132 partim
527 3067 606 3116 extra
618 3063 829 3117 vniuersitatem
843 3065 966 3118 scholam
980 3065 1104 3118 exercuit
1115 3064 1354 3134 grammaticalem
1366 3069 1411 3118 eto

341 3149 445 3202 Eadem
465 3150 558 3217 gracia
577 3150 739 3204 conceditur
757 3156 787 3204 4⁰
801 3151 882 3204 lunii
902 3149 928 3204 d.
950 3150 1017 3205 Tho.
1039 3153 1138 3204 Crosse
1157 3152 1183 3205 d.
1208 3151 1343 3205 Nicholao
1364 3151 1448 3222 Kyng
1467 3157 1496 3206 et

411 3242 444 3290 25
457 3237 474 3290 J
478 3238 537 3290 unii
549 3237 575 3293 d.
589 3237 606 3292 J
609 3256 631 3290 o.
647 3239 796 3308 Fermarye
809 3249 837 3292 et
849 3238 875 3292 d.
890 3239 907 3292 J
909 3256 932 3292 ο.
949 3239 1112 3309 Higgynson

341 3324 510 3378 Conceditur
522 3328 556 3378 26
569 3325 666 3379 Martii
679 3325 766 3379 Anth.
781 3326 943 3397 Walkewyd
956 3328 1086 3381 ministro
1099 3333 1131 3381 vt
1143 3326 1269 3381 studium
1283 3327 1345 3397 viij⁰
1357 3345 1493 3382 annorum

410 3413 439 3466 in
453 3413 664 3466 humanioribus
676 3417 705 3467 et
718 3413 822 3467 divinis
834 3413 924 3468 literis
936 3415 965 3468 in
979 3415 1030 3468 bac
1040 3416 1224 3469 vniuersitatc
1237 3433 1300 3469 cum
1314 3415 1494 3486 oppositioni-

410 3501 462 3555 bus
475 3502 701 3572 responsionibus
713 3507 743 3556 et
755 3502 817 3555 aliis
831 3503 970 3556 exercitiis
984 3509 1027 3556 etc
1041 3504 1161 3557 sufficiat
1174 3503 1199 3556 ei
1212 3503 1248 3556 ad
1262 3504 1450 3573 incipiendum
1464 3505 1493 3558 in

409 3589 518 3643 artibus
534 3590 574 3642 sic
590 3593 622 3642 vt
639 3593 731 3642 vestra
747 3589 916 3643 auctoritate
933 3589 1099 3660 respondeat
1115 3589 1144 3643 in
1161 3589 1261 3644 habitu
1276 3590 1450 3645 bachalaurei
1465 3593 1494 3646 in

408 3677 517 3731 artibus
529 3683 557 3731 et
569 3678 660 3731 solvat
673 3677 850 3731 uniuersitati
864 3695 921 3730 xxs

337 3764 444 3818 Eadem
456 3765 546 3834 gratia
558 3765 720 3818 conceditur
732 3769 765 3818 25
779 3763 858 3818 lunii
871 3765 889 3818 J
892 3782 914 3818 o.
930 3764 1047 3819 Watson
1066 3767 1195 3820 ministro
1207 3771 1236 3819 et
1249 3766 1327 3820 verbi
1342 3766 1386 3820 dei
1402 3767 1494 3837 predi·

408 3853 494 3905 catori
508 3870 571 3906 cum
585 3853 679 3906 studio
693 3871 710 3906 x
721 3869 859 3906 annorum
872 3853 976 3922 partim
989 3853 1034 3907 hic
1047 3855 1152 3924 partim
1165 3853 1272 3909 Oxonie

339 3940 404 3994 Una
425 3959 489 3993 curn
511 3941 566 3993 hiis
587 3941 752 4009 inceperunt
772 3940 807 3994 de
829 3940 942 4009 collegio
965 3941 1050 4010 Regio
1068 3941 1172 4010 quibus
1194 3943 1271 3996 nulla
1292 3943 1383 4012 gratia
1404 3944 1494 4013 potita

407 4047 498 4098 neque
516 4029 687 4098 dispensatio
703 4048 834 4084 concessa
849 4030 875 4084 d.
895 4029 963 4084 Rob.
983 4029 1138 4084 Holbeame
1155 4030 1180 4084 d.
1200 4031 1279 4084 Geor.
1300 4030 1447 4100 Laughton
1463 4037 1494 4086 et

408 4117 444 4170 H.
464 4117 558 4186 Hayes

336 4207 506 4262 Conceditur
523 4206 573 4275 vij⁰
591 4205 658 4258 Maii
676 4205 701 4260 d.
722 4206 792 4259 Heu.
815 4206 933 4259 Blaxton
949 4205 1143 4275 ludimagistro
1162 4205 1383 4259 Hiamferarensi
1402 4211 1434 4259 vt
1450 4225 1492 4260 re-

405 4295 567 4364 sponsiones
583 4293 619 4346 ad
636 4311 707 4362 quas
725 4299 836 4347 tenetur
851 4296 959 4348 ratione
973 4293 1076 4364 gradus
1088 4293 1258 4363 suscipiendi
1272 4311 1321 4364 per
1333 4296 1451 4364 gratiam
1465 4297 1491 4350 ei

404 4401 421 4437 a
436 4383 515 4438 vobis
530 4383 587 4436 iam
604 4387 669 4436 aute
684 4399 842 4436 concessam
858 4383 968 4454 possint
980 4383 1017 4436 ab
1029 4400 1062 4436 eo
1075 4382 1169 4453 peragi
1181 4381 1280 4436 diebus
1294 4401 1349 4436 uon
1362 4383 1490 4454 disputa·
