3394 5114
761 327 874 376 canoa
897 327 991 376 eoos
1014 327 1037 374 Δ
1319 310 1485 393 [1568-69

203 840 224 898 f.
242 840 313 898 96b
645 839 831 905 Practicans
854 839 887 902 in
912 838 1079 926 chirurgia

326 1049 495 1106 Conceditur
512 1055 529 1105 8
547 1050 618 1105 Julii
637 1049 712 1104 Edw.
733 1049 857 1105 Overton
876 1055 908 1104 vt
926 1048 1054 1104 studium
1072 1053 1101 1104 ot
1119 1052 1244 1120 practica
1262 1070 1279 1104 x
1297 1069 1435 1106 annorum
1454 1052 1483 1106 in

395 1139 535 1210 chirurgia
555 1139 696 1192 sufficiant
712 1139 737 1192 ei
754 1137 790 1192 ad
806 1138 1019 1209 practicandum
1034 1137 1063 1192 in
1080 1137 1178 1192 eadem
1195 1139 1235 1192 sic
1252 1144 1283 1194 vt
1298 1139 1377 1210 prius
1393 1157 1485 1194 exam·

397 1227 491 1280 inetur
508 1237 538 1280 ct
556 1225 728 1298 approbetur
745 1243 795 1296 per
811 1226 938 1281 doctores
958 1226 1085 1280 Hatcher
1103 1231 1132 1280 et
1151 1227 1264 1299 Lorkyn
1283 1232 1312 1282 et
1329 1245 1380 1298 per
1398 1245 1484 1281 vnum

396 1333 493 1370 corum
506 1320 684 1387 presentetur
696 1315 810 1369 domiuo
822 1315 1039 1385 procancellario
1051 1315 1080 1368 in
1095 1315 1306 1385 congregatione
1317 1316 1484 1386 Rogantium

396 1409 426 1458 et
437 1421 521 1474 super
532 1403 585 1458 hac
598 1408 691 1458 vestra
704 1391 882 1458 concessione
893 1403 992 1457 literas
1003 1402 1108 1458 habeat
1117 1403 1279 1473 obsignatae
1289 1404 1380 1474 sigillo
1390 1407 1483 1458 vestro

397 1491 540 1546 communi
578 1492 760 1546 Presentatus
772 1490 870 1546 eodem
883 1508 933 1562 per
945 1489 1088 1545 doctorem
1102 1491 1215 1562 Lorkyn

705 1969 862 2036 Doctores
885 1970 920 2035 in
944 1971 1109 2036 medicina

328 2183 497 2238 Conceditur
516 2187 549 2239 19
568 2183 736 2240 Novembris
755 2185 799 2241 Jo.
819 2183 908 2256 Voipe
930 2184 1038 2239 medico
1059 2183 1166 2238 domini
1188 2183 1308 2238 Comitis
1329 2184 1432 2238 Sussex
1455 2191 1486 2238 vt

398 2273 526 2327 studium
542 2291 560 2326 x
575 2291 714 2329 annorum
731 2273 760 2328 in
779 2273 918 2328 medicina
933 2273 1038 2344 partim
1055 2272 1085 2326 in
1102 2272 1154 2326 hac
1172 2270 1315 2326 academia
1333 2273 1437 2342 partim
1455 2271 1485 2326 in

397 2360 549 2416 academiis
559 2362 756 2418 transmarinis
765 2379 831 2416 cum
839 2362 1020 2432 responsione
1029 2359 1197 2431 perficienda
1209 2359 1239 2413 in
1253 2359 1387 2430 vesperiis
1395 2358 1484 2428 proxi·

398 2465 507 2503 morum
520 2450 696 2505 comitiorum
710 2448 764 2503 sub
774 2466 847 2520 pana
859 2449 885 2520 vj
896 2447 916 2502 li
929 2447 1059 2519 ponenda
1075 2447 1106 2501 in
1123 2446 1255 2502 manibus
1271 2451 1484 2518 procuratorum

397 2538 464 2589 ante
476 2536 537 2590 eius
548 2535 747 2591 admissionem
760 2536 882 2590 sufficiat
895 2535 920 2589 ei
933 2534 969 2589 cd
986 2534 1177 2606 incipiendum
1195 2536 1225 2589 in
1242 2534 1381 2590 medicina
1397 2535 1437 2588 sic
1453 2539 1486 2587 vt

399 2623 460 2678 eius
471 2623 604 2678 admissio
616 2628 674 2678 stet
686 2641 737 2696 pro
749 2624 897 2694 completis
909 2623 997 2693 gradu
1009 2628 1038 2678 et
1051 2624 1140 2678 forma
1158 2623 1321 2679 doctoratus
1338 2623 1367 2676 in
1386 2621 1484 2676 eadem

399 2711 534 2766 facultate
551 2713 685 2782 quoniam
702 2711 811 2766 diutius
828 2710 925 2766 abesse
937 2729 954 2765 a
965 2710 1080 2765 domino
1092 2728 1143 2765 suo
1155 2728 1213 2764 non
1226 2715 1321 2782 potest
1333 2711 1375 2764 ita
1386 2715 1482 2764 tamm

399 2806 431 2852 vt
443 2799 607 2853 convivetur
619 2803 648 2853 et
660 2799 817 2854 satisfaciat
829 2797 971 2852 officiariis

329 2881 529 2942 Conceditur4
543 2887 640 2942 Martii
658 2887 675 2941 J
678 2905 702 2942 c.
720 2887 808 2957 Volpe
824 2887 869 2941 cui
882 2885 1073 2956 superioribus
1089 2885 1177 2940 hiisce
1194 2884 1294 2940 diebus
1308 2885 1485 2939 concessistis

337 2969 341 2974 ’
399 2977 519 3044 gratiam
536 2974 572 3030 ed
588 2975 780 3046 incipiendum
797 2973 826 3028 in
843 2972 982 3028 medicina
999 2977 1030 3027 vt
1047 2973 1181 3044 quoniam
1197 2972 1234 3028 ad
1250 2973 1423 3028 academiam
1439 2989 1484 3026 ao·

399 3062 495 3118 cedere
507 3080 557 3134 per
568 3065 680 3134 negotia
693 3063 800 3118 domini
813 3063 857 3116 sui
870 3062 977 3117 domini
991 3061 1110 3116 Comitis
1123 3062 1254 3116 Sussexie
1266 3061 1410 3116 commode
1428 3079 1484 3114 non

399 3157 494 3222 potest
511 3157 544 3206 vt
562 3151 652 3222 possit
670 3150 706 3206 ab
724 3151 819 3221 aliquo
836 3149 949 3204 doctore
964 3149 1091 3203 eiusdem
1109 3149 1254 3204 facultatis
1271 3165 1321 3219 per
1339 3148 1485 3203 dominum

400 3237 648 3309 procancellarium
673 3237 841 3308 assignando
865 3235 978 3290 admitti
1000 3240 1080 3290 extra
1101 3235 1316 3290 vniuersitatem
1334 3235 1376 3290 sic
1394 3240 1426 3288 vt
1444 3252 1485 3288 re·

400 3325 537 3397 spondeat
549 3331 600 3382 aut
616 3327 688 3381 citra
700 3327 815 3381 comitia
826 3325 954 3396 proxima
965 3329 1016 3379 aut
1028 3324 1058 3378 in
1075 3323 1197 3378 comitiis
1214 3323 1348 3394 proximis
1359 3327 1389 3377 et
1403 3325 1484 3377 satis·

389 3407 487 3469 'faciat
498 3409 637 3469 officiariis
646 3413 700 3469 sub
711 3431 785 3485 pena
796 3413 860 3468 xxii
874 3412 1003 3484 ponenda
1012 3413 1041 3466 in
1052 3411 1182 3465 manibus
1194 3418 1406 3481 procuratorum
1419 3415 1486 3465 ante

401 3503 461 3558 eius
484 3503 683 3558 admissionem
717 3504 899 3558 Prmentatus
920 3519 970 3572 per
988 3501 1130 3554 doctorem
1156 3499 1267 3570 Lorkyn
1293 3503 1322 3552 et
1346 3498 1486 3553 admissus

388 3584 435 3644 '17
448 3589 527 3643 Junii
541 3589 570 3643 in
584 3588 727 3643 academia
763 3589 882 3660 (peregit
895 3588 989 3643 omnia
1001 3587 1099 3659 mar-9.)

331 3675 500 3732 Conceditur
524 3681 558 3730 25
584 3677 681 3731 Martii
701 3677 836 3746 magistro
855 3676 903 3729 W⁰
923 3674 1040 3730 Gilberd
1062 3681 1094 3728 vt
1114 3672 1241 3728 studium
1261 3677 1278 3726 8
1298 3690 1435 3728 annorum
1455 3673 1485 3726 in

401 3765 540 3819 medicina
553 3782 616 3819 cum
630 3764 854 3835 oppositionibus
867 3761 1095 3834 responsionibus
1107 3760 1296 3830 omnibusque
1308 3760 1371 3814 aliis
1383 3760 1485 3813 exerci-

402 3855 451 3909 tiis
460 3871 510 3924 per
521 3861 631 3909 statuta
644 3855 788 3925 requisitis
797 3855 918 3908 sufficiat
928 3854 952 3907 ei
963 3852 998 3906 ad
1009 3851 1200 3922 incipiendum
1208 3851 1237 3903 iu
1246 3849 1342 3903 cadem
1352 3849 1486 3906 facultate

404 3943 586 3998 Presentatus
597 3959 647 4012 por
659 3941 791 3997 doctoren
805 3941 917 4015 Lcrkyu
930 3945 960 3995 et
971 3940 1111 3995 admissus
1125 3943 1158 3992 13
1173 3937 1240 3990 Maii
