3394 5114
195 371 359 458 reru-74]
626 393 740 442 onnon
763 392 854 440 noun
878 393 900 439 Δ

547 818 703 886 Doctores
725 818 759 884 in
782 819 896 885 eodem
914 821 991 906 jure

190 1035 361 1093 Oonoeditur
372 1043 408 1093 23
417 1038 548 1094 Octobris
561 1041 695 1110 magistro
708 1040 843 1095 Nioholoo
856 1040 985 1111 Stywerd
997 1044 1029 1095 vt
1041 1040 1168 1096 studium
1181 1047 1197 1096 b
1210 1059 1348 1097 annorum

261 1127 290 1182 in
309 1128 369 1182 iure
387 1129 462 1183 oirili
481 1133 545 1199 post
563 1129 681 1199 gundum
700 1129 948 1184 booohelaureatus
967 1129 997 1183 iu
1015 1129 1112 1184 eedem
1132 1130 1267 1185 feoultete
1287 1147 1347 1185 sus-

262 1220 375 1286 eeptum
399 1233 464 1271 oum
489 1216 713 1288 oppositionibus
740 1217 968 1288 responsionibus
992 1221 1022 1273 et
1048 1217 1111 1271 eliis
1134 1219 1273 1272 exercitiis
1299 1236 1349 1289 per

260 1309 370 1360 statuto
381 1305 525 1376 requisitis
541 1306 663 1360 sufficiat
679 1306 705 1361 ei
719 1307 755 1361 od
772 1305 963 1377 incipiendum
978 1307 1008 1360 in
1021 1305 1117 1360 eodem
1127 1305 1190 1376 jure
1234 1307 1347 1361 Presen-

260 1396 339 1446 tutus
350 1392 447 1448 eodem
460 1411 510 1464 per
521 1393 662 1448 doctorem
678 1394 763 1448 Ithell

189 1477 359 1534 Conceditur
376 1485 405 1534 2ο
423 1480 492 1535 Julii
511 1482 646 1551 magistro
665 1482 708 1537 Jo.
729 1482 833 1552 Rogers
852 1487 883 1536 vt
901 1481 1028 1536 studium
1048 1485 1063 1537 7
1082 1498 1220 1536 annorum
1238 1482 1268 1536 in
1287 1484 1347 1537 iure

260 1567 334 1621 civili
353 1573 503 1638 postquam
520 1571 622 1624 rexerit
639 1571 668 1624 in
686 1569 796 1624 artibus
808 1587 872 1624 cum
885 1569 1109 1641 oppositionibus
1120 1575 1172 1624 ete
1186 1569 1307 1624 sufficiet
1320 1573 1345 1624 ei

259 1655 295 1709 od
317 1656 507 1728 incipiendum
529 1659 558 1712 in
577 1657 674 1713 eodem
695 1659 755 1713 iure
796 1658 978 1712 Prosentetus
996 1661 1024 1711 3ο
1042 1656 1112 1712 Julii
1134 1673 1184 1728 per
1204 1655 1345 1712 doctorem

260 1743 355 1814 Bynge

652 2138 880 2224 Inoorporetus

186 2358 356 2414 Conceditur
374 2364 407 2414 19
425 2359 570 2414 Februarii
587 2361 722 2430 magistro
733 2360 858 2414 ,Iohanni
876 2359 971 2431 Bellye
988 2361 1017 2414 in
1034 2359 1177 2414 academia
1192 2331 1342 2416 Oroniensi

257 2450 285 2502 in
295 2449 359 2518 jure
371 2450 446 2503 civili
459 2449 564 2504 doctori
579 2457 610 2503 vt
623 2451 660 2503 sit
674 2449 719 2503 hio
732 2451 761 2503 in
773 2449 888 2504 eiisdem
901 2448 988 2520 gradu
1001 2449 1098 2506 ordino
1110 2455 1139 2504 et
1153 2467 1227 2504 anno
1239 2450 1343 2522 quibus

257 2541 301 2592 est
314 2537 420 2592 Oxonie

524 2922 753 2988 Bacchalaurei
778 2923 812 2987 in
836 2923 1000 3010 theologie

186 3147 356 3202 Oonoeditur
372 3152 418 3202 23ο
430 3147 559 3204 Octobris
576 3149 710 3219 magistro
728 3148 811 3202 Petro
823 3147 921 3202 Shawe
935 3152 967 3201 vt
982 3146 1109 3202 studium
1124 3151 1139 3203 7
1156 3165 1293 3202 annorum
1310 3149 1340 3204 in

254 3236 393 3307 theologia
413 3245 564 3308 postquam
585 3238 688 3292 rexerit
712 3237 740 3290 in
763 3235 872 3291 ortibus
893 3254 958 3290 oum
980 3237 1203 3307 oppositionibus
1227 3256 1339 3309 respon-

255 3324 381 3380 sionibus
397 3324 572 3380 sermonibus
586 3330 616 3380 et
632 3325 694 3380 eliis
710 3326 850 3380 exercitiis
866 3344 916 3397 per
932 3331 1043 3382 statute
1058 3329 1203 3398 requisitis
1219 3329 1340 3383 sufficiet

254 3413 280 3466 ei
297 3417 356 3466 tom
368 3412 403 3467 od
416 3412 613 3484 opponendum
626 3430 712 3483 quem
724 3413 760 3467 od
778 3412 941 3468 intrandum
959 3415 988 3468 in
1000 3431 1079 3468 soora
1091 3415 1229 3485 theologia
1276 3417 1339 3470 Pre-

254 3504 383 3554 sentatus
395 3505 411 3553 2
424 3501 439 3554 J
444 3500 494 3554 ulii
508 3518 557 3570 por
568 3500 709 3555 doctorem
724 3501 856 3556 Hawford

184 3587 291 3642 Eadem
302 3589 392 3658 gratia
401 3588 563 3643 conceditur
572 3590 706 3659 magistro
716 3589 795 3643 Edm.
809 3589 913 3644 Hound
949 3590 1129 3645 Presentntns
1139 3590 1337 3662 perductorum

255 3675 414 3730 Chuderton
433 3679 465 3729 18
482 3675 500 3728 J
503 3676 561 3729 unii
598 3681 615 3730 3
633 3675 801 3730 Novembris
818 3678 952 3746 magistro
964 3677 1042 3730 Alex.
1058 3677 1119 3748 Key
1157 3677 1339 3732 Prosentetus

255 3767 289 3817 26
305 3763 448 3817 Februarii
464 3781 513 3834 per
528 3762 669 3818 doctorem
689 3763 822 3818 Hawiord
859 3770 892 3818 15
910 3764 1054 3819 Februarii
1070 3766 1202 3834 magistro
1216 3765 1338 3820 Roberto

254 3852 366 3922 Wyllon
407 3853 588 3906 Presontatus
614 3857 647 3906 18
671 3853 750 3907 Junii
776 3871 824 3924 por
844 3853 985 3907 dictorem
1011 3853 1170 3907 Ohederton
1212 3857 1245 3907 10
1270 3853 1337 3908 Maii

255 3941 388 4010 magistro
410 3941 527 4010 Degorio
549 3941 645 3995 Nicols
663 3949 693 3995 et
712 3943 844 4012 magistro
865 3942 1014 3996 Laurentio
1036 3941 1268 4011 Wheyshyngton
1309 3947 1337 3994 5ο

253 4026 332 4080 Junii
344 4028 479 4097 magistro
495 4027 577 4081 Abeli
595 4028 697 4098 Smyth
711 4037 740 4081 et
753 4029 872 4082 Ricardo
888 4029 998 4082 Fawoet
1034 4028 1190 4082 Presontsti
1209 4031 1242 4082 18
1257 4027 1337 4082 Junii

252 4133 301 4186 per
324 4116 466 4170 doctorem
491 4116 650 4171 Ohaderton
687 4121 717 4170 et
741 4122 772 4170 18
794 4117 872 4171 Junii
896 4117 1017 4170 Roberto
1039 4117 1110 4188 Juye
1157 4116 1336 4170 Presentntus

253 4208 287 4259 26
305 4205 384 4258 Junii
403 4222 453 4275 per
469 4205 610 4259 doctorem
629 4204 736 4277 [blank]
