3344 5110
346 374 389 442 54
562 357 566 362 ’
614 431 616 434 .
780 385 894 440 aaron
917 387 1009 439 soon
1033 390 1055 439 s
1337 363 1503 460 [1547-48

346 547 419 602 Oum
431 548 461 604 in
474 547 583 617 garario
595 551 689 602 vestro
706 545 818 617 publico
834 544 905 601 nihil
917 545 956 600 sit
969 545 1086 616 pecunie
1101 550 1131 600 et
1147 545 1311 616 gravissime
1326 544 1408 600 hodie
1420 561 1504 599 cause

418 635 563 690 tractando
584 636 643 691 sint
663 635 773 706 placeat
794 631 874 688 vobis
893 639 925 688 vt
946 651 1013 690 crux
1033 634 1227 689 uniuersitatis
1251 632 1334 688 vendi
1360 633 1449 704 possit
1473 633 1503 686 in

418 741 499 778 usum
519 728 549 778 et
569 722 749 778 commodum
770 721 931 776 achademie
951 739 1002 793 per
1024 721 1170 777 dominnm
1192 721 1450 776 vicecancellarium
1474 725 1505 774 et

418 812 591 884 prepositum
605 811 711 882 collegii
725 810 800 866 Petri
813 810 1041 882 quandoquidem
1054 812 1115 866 sius
1127 829 1195 866 vsus
1206 810 1289 866 hodie
1301 810 1396 865 nullus
1407 809 1504 865 existit

319 951 323 954 .
349 898 424 953 Item
440 898 603 954 conceditur
619 902 651 954 vt
665 897 804 953 tenninus
821 896 955 952 hodierno
969 897 1014 952 dis
1026 897 1142 953 dissolui
1155 899 1345 969 possitneque
1357 897 1393 953 cd
1406 897 1503 953 uasti·

420 1003 488 1041 num
502 987 603 1042 Hilarii
616 987 698 1058 sicvt
710 985 938 1057 congregationes
949 991 978 1041 ct
990 1004 1132 1044 sermones
1144 986 1180 1042 ad
1192 986 1297 1042 clerum
1310 987 1424 1042 interim
1434 987 1504 1041 fiant

420 1080 451 1129 et
479 1075 686 1146 disputationes
716 1074 807 1129 tiendo
832 1079 970 1145 tanquam
995 1074 1067 1130 tacte
1096 1080 1264 1131 censeantur
1293 1081 1353 1130 tam
1382 1091 1439 1145 quo
1468 1074 1504 1128 ad

419 1163 568 1234 magistros
585 1162 779 1234 disputaturos
797 1179 883 1233 quam
901 1180 959 1233 quo
976 1163 1012 1217 ad
1031 1162 1152 1218 bedellos

351 1250 424 1306 Item
446 1251 609 1307 conceditur
625 1258 657 1306 vt
672 1250 805 1305 dominus
819 1251 1061 1306 vicecancellarius
1079 1255 1109 1307 et
1126 1251 1286 1323 prepositus
1302 1248 1409 1320 collegii
1430 1250 1505 1305 Petri

421 1337 545 1393 habeant
556 1344 679 1392 vestram
698 1335 902 1394 authoritatem
919 1337 1060 1393 tractandi
1078 1355 1177 1394 causas
1193 1343 1301 1393 vestras
1318 1336 1437 1392 LondIni
1455 1353 1506 1408 pro

421 1427 632 1482 confirmatione
644 1425 852 1498 privssegiorum
864 1430 895 1480 et
911 1426 1012 1481 deferri
1030 1444 1124 1482 secum
1141 1426 1278 1498 quasdam
1295 1425 1407 1480 chartas
1424 1425 1507 1496 privi-

422 1516 557 1587 legiorum
568 1534 624 1587 que
636 1533 687 1587 pro
699 1515 819 1586 negotiis
831 1515 933 1570 vestris
945 1516 987 1570 eis
998 1513 1170 1571 videbuntur
1183 1515 1304 1570 maxime
1315 1513 1469 1569 necessarie

226 1685 246 1741 s.
265 1683 302 1740 22
318 1680 339 1740 b
353 1689 426 1744 Item
438 1669 606 1744 'concentor
618 1694 650 1743 vt
661 1687 818 1760 disputatio
832 1687 987 1759 theologica
1002 1687 1129 1744 habenda
1146 1689 1221 1743 iuter
1236 1687 1377 1742 doctorem
1397 1685 1460 1758 Byll
1477 1693 1508 1741 et

423 1777 590 1846 magistrum
614 1776 703 1832 Perne
727 1776 757 1831 in
784 1776 937 1831 commitiis
960 1776 1096 1848 proximis
1119 1779 1176 1831 stet
1200 1775 1312 1846 utrique
1335 1793 1432 1830 eorum
1456 1792 1507 1847 pro

422 1863 615 1934 disputatione
639 1873 669 1918 et
693 1863 871 1935 responsione
895 1862 930 1918 sd
955 1881 1026 1934 quas
1050 1859 1184 1918 tenentur
1204 1864 1312 1918 ratione
1332 1863 1435 1934 gradus
1458 1881 1508 1934 per

423 1951 535 2006 eosdem
554 1969 629 2006 anno
646 1951 782 2022 superiori
801 1952 925 2022 suscepti

355 2040 429 2095 Item
450 2037 613 2094 conceditur
633 2043 665 2094 vt
686 2039 859 2095 venerabiles
879 2040 932 2095 viri
954 2039 1104 2111 subscripti
1127 2045 1170 2106 vt)
1193 2039 1236 2095 W.
1260 2039 1359 2111 Pagett
1380 2057 1508 2095 summus

425 2126 600 2182 Senestallus
620 2126 791 2182 Achademie
809 2126 853 2182 W.
873 2128 966 2182 Meiue
988 2127 1111 2182 decanus
1135 2127 1195 2182 diui
1213 2127 1291 2182 Pauli
1312 2126 1363 2182 'Ila
1383 2126 1509 2198 Wendye

425 2214 550 2270 medicus
572 2214 657 2286 Regis
676 2214 835 2270 Maiestatis
856 2214 908 2270 Th.
931 2215 1050 2287 Smythe
1070 2213 1184 2269 domino
1208 2215 1360 2270 Protectori
1381 2232 1399 2269 a
1417 2215 1510 2270 causis

425 2303 573 2359 audiendis
585 2303 628 2359 W.
642 2304 735 2376 Cyeeli
748 2304 862 2360 domino
879 2305 1033 2359 Protectcri
1049 2321 1067 2358 a
1079 2303 1223 2374 requisitis
1234 2309 1264 2358 ct
1275 2303 1293 2358 J
1295 2320 1319 2358 0.
1332 2303 1426 2359 Cheke
1438 2304 1511 2359 alter

424 2395 629 2448 Instructorum
647 2392 754 2447 domini
772 2394 855 2464 Regis
871 2393 995 2448 habeant
1012 2392 1215 2447 authoritatem
1233 2409 1282 2463 per
1294 2391 1390 2446 fiteres
1403 2398 1510 2447 vestras
1536 2385 1537 2388 ’

425 2479 626 2537 attor-natoriae
650 2480 740 2551 sigillo
764 2482 907 2536 communi
932 2480 1125 2535 vniuersItatie
1149 2479 1337 2534 communitas
1356 2479 1509 2534 communi·

426 2568 509 2624 candi
524 2573 554 2622 et
568 2567 751 2623 concludendi
764 2585 861 2624 omnes
872 2574 902 2623 et
914 2567 1090 2622 omniinodas
1102 2583 1201 2621 carmos
1213 2567 1288 2621 inter
1298 2567 1510 2621 uniuersitatem

425 2661 456 2711 et
475 2655 629 2727 oppidanos
666 2655 713 2710 lta
730 2662 762 2711 vt
782 2656 917 2728 quicquid
936 2656 1025 2711 maior
1042 2672 1108 2727 pars
1125 2655 1226 2710 borum
1245 2655 1399 2709 decreuerit
1418 2661 1512 2709 vestro

426 2746 552 2800 omnium
566 2745 679 2799 nomine
691 2749 784 2800 ratum
798 2745 837 2799 sit
849 2749 879 2799 et
890 2759 1052 2798 concessum

357 2833 432 2888 Item
450 2829 613 2886 conceditur
630 2837 661 2884 vt
677 2831 876 2886 determinatio
892 2830 928 2886 ad
944 2848 1029 2902 quam
1049 2833 1163 2884 tenetur
1180 2829 1278 2884 doctor
1296 2828 1443 2902 Atkynson
1459 2829 1512 2884 hoc

427 2935 503 2974 anno
514 2919 605 2990 possit
617 2917 722 2973 differri
735 2919 764 2973 in
778 2919 938 2989 proximum
951 2935 1057 2972 annum

358 3009 433 3064 Item
445 3006 607 3062 conceditur
618 3010 651 3061 vt
662 3013 744 3062 actus
756 3006 902 3077 theologici
916 3023 1012 3061 omnes
1028 3004 1065 3060 ad
1081 3023 1152 3077 quos
1169 3009 1282 3060 tenetur
1297 3005 1394 3060 doctor
1410 3007 1513 3062 Ponett

429 3093 482 3148 hoc
493 3110 568 3148 anno
579 3093 683 3148 differri
693 3095 803 3165 possint
839 3089 888 3149 Ita¹
895 3097 927 3147 vt
936 3093 1006 3148 fiant
1018 3093 1145 3164 proximo
1156 3110 1231 3148 anno
1242 3093 1296 3148 sub
1307 3111 1380 3164 pena
1391 3101 1513 3164 quatuor

429 3197 587 3236 marcarum
599 3181 792 3252 ponendorum
804 3182 834 3235 in
846 3181 978 3236 manibus
988 3185 1200 3252 procuratorum

362 3270 435 3326 Item
447 3267 610 3325 concedItur
618 3269 726 3325 doctori
737 3271 812 3342 Ayre
823 3277 853 3325 vt
865 3275 946 3325 actus
958 3271 994 3325 ad
1006 3287 1077 3340 quos
1089 3269 1241 3326 tenebatur
1252 3270 1305 3325 hoc
1317 3287 1392 3324 enno
1404 3271 1514 3326 racione

403 3395 408 3402 -
430 3359 534 3430 gradus
546 3359 590 3414 sui
603 3359 726 3432 suscepti
738 3360 850 3430 possint
866 3359 971 3414 differri
985 3360 1014 3414 in
1027 3360 1186 3431 proxImnm
1198 3377 1304 3415 annum
1317 3360 1378 3414 sine
1391 3360 1515 3415 vlteriori

431 3447 569 3506 dilacione
579 3446 634 3503 sub
651 3466 723 3520 pens
739 3453 862 3518 quatuor
873 3465 1030 3503 marcarum
1043 3447 1221 3503 uniuersitati
1233 3447 1366 3503 solvenda
1381 3449 1514 3519 qnoniam

431 3535 569 3592 hactenus
586 3536 617 3590 io
636 3536 758 3606 negociis
777 3536 861 3608 Regia
882 3535 1041 3591 maiestatis
1059 3536 1100 3591 ita
1116 3536 1249 3592 detentus
1266 3537 1322 3591 suit
1341 3541 1372 3592 vt
1389 3554 1436 3590 eos
1454 3555 1515 3608 per·

355 3663 357 3666 -
408 3699 411 3708 A
433 3624 514 3678 ficere
527 3640 583 3678 non
595 3624 691 3694 potuit
