3378 5116
349 385 411 447 132
782 399 896 446 esaon
920 400 1011 447 noos
1036 400 1058 447 Δ
1340 383 1505 467 [1558-59

417 552 526 607 dictum
539 552 704 623 magistrum
719 553 810 607 Meros
822 557 851 606 et
863 551 1077 607 vnlnersitatem
1094 554 1161 623 quia
1175 553 1357 608 reddiderunt
1369 552 1505 607 rationem

419 639 594 695 auditoribus
605 640 685 694 iuxta
697 641 816 708 gratiam
828 641 907 710 prius
919 656 1080 694 concessam

349 726 519 782 Conceditur
542 732 574 781 15
599 728 707 799 Aprilis
728 731 760 781 vt
781 727 954 797 dispensatio
976 729 1156 797 pretermissa
1175 729 1204 782 in
1222 727 1268 782 die
1286 728 1366 782 lovis
1384 727 1508 797 proxime

419 817 514 888 elapso
526 821 641 888 propter
655 817 807 871 solemnem
820 816 977 886 generalem
990 817 1194 887 processionem
1211 817 1308 872 eddam
1324 817 1370 870 die
1383 816 1508 870 habitam

421 909 556 974 tanquam
576 903 652 957 facta
670 908 818 958 censentur
836 909 895 958 tam
914 903 1007 974 quoad
1025 905 1191 974 magistrum
1209 904 1401 975 disputantem
1422 921 1508 974 quam

420 991 513 1063 quoad
525 991 648 1046 bedellos

351 1080 520 1136 Conceditur
532 1084 561 1134 9⁰
574 1080 641 1134 Maii
656 1085 687 1133 vt
700 1081 871 1150 presentatio
884 1080 991 1134 domini
1003 1080 1114 1134 Turner
1126 1079 1161 1134 ad
1175 1080 1306 1135 vicariam
1320 1081 1355 1135 dc
1367 1079 1508 1149 Campsall

421 1168 511 1239 possit
523 1168 639 1238 sigillari
652 1169 743 1238 sigillo
755 1169 897 1222 communi

351 1256 520 1312 Conceditur
542 1261 576 1311 20
597 1257 676 1311 Junii
698 1261 730 1310 vt
752 1255 867 1312 comitia
891 1256 989 1310 sutura
1010 1257 1095 1310 tercio
1116 1256 1161 1310 die
1182 1257 1252 1312 Julii
1274 1258 1400 1327 proxime
1420 1256 1509 1310 bituri

422 1345 532 1414 possint
543 1345 646 1399 differri
662 1345 692 1398 in
704 1343 845 1398 decimum
857 1343 981 1398 eiusdem
996 1349 1110 1415 propter
1121 1345 1279 1400 absentiam
1291 1345 1508 1400 clarissimorum

422 1433 545 1488 virorum
563 1433 612 1504 qui
631 1437 698 1487 ante
714 1450 778 1486 eum
795 1432 868 1487 diem
887 1431 984 1486 adesse
1001 1450 1057 1486 non
1074 1438 1193 1504 possunt
1209 1435 1251 1488 ita
1263 1439 1357 1488 tamen
1370 1438 1402 1488 vt
1414 1451 1511 1488 omnes

422 1520 483 1575 dies
506 1538 524 1574 a
547 1520 623 1574 dicto
647 1519 693 1574 die
717 1523 746 1574 3ο
770 1520 829 1573 sint
852 1518 1039 1589 disputabiles
1063 1525 1092 1575 et
1116 1520 1240 1590 legibiles
1264 1521 1299 1575 nd
1323 1521 1460 1592 placitum
1481 1525 1510 1576 et

423 1610 598 1664 voluntatem
617 1609 815 1678 magistrorum
833 1607 1042 1680 disputantium
1061 1594 1261 1681 et'legentium

354 1698 523 1754 Conceditur
535 1702 551 1752 8
563 1697 582 1752 J
583 1697 633 1752 ulii
644 1703 676 1752 vt
687 1698 856 1753 testificetur
865 1697 919 1752 sub
931 1698 1022 1769 sigillo
1034 1700 1175 1754 communi
1188 1698 1309 1754 dominis
1318 1697 1511 1753 visitatoribus

424 1786 587 1840 citationem
612 1785 753 1856 publicam
775 1785 886 1840 affixam
909 1803 970 1840 esse
992 1787 1080 1840 valvis
1104 1787 1278 1857 publicarum
1303 1786 1460 1842 scholarum
1482 1791 1511 1840 et

424 1872 538 1928 ecclesie
556 1871 637 1927 beate
656 1873 746 1927 Maria
764 1873 843 1927 iuxta
861 1873 953 1926 forum
973 1878 1006 1927 25
1025 1873 1105 1928 Junii
1124 1875 1249 1944 proxime
1266 1875 1393 1944 preteriti

689 2265 926 2351 [Praetioantcs
949 2267 983 2331 in
1006 2267 1182 2351 medicina]

357 2433 526 2488 Conceditur
544 2437 561 2486 8
580 2431 742 2487 Decembris
761 2433 896 2503 magistro
913 2434 957 2488 lo.
978 2433 1081 2505 Stokys
1099 2432 1134 2487 de
1152 2432 1217 2486 aula
1235 2432 1315 2486 Clare
1333 2439 1365 2486 vt
1386 2433 1513 2488 studium

428 2525 443 2577 7
468 2538 606 2575 annorum
630 2522 659 2575 in
681 2520 819 2575 medicina
840 2521 961 2574 sufficiat
982 2521 1007 2573 ai
1028 2520 1063 2574 ad
1084 2520 1295 2590 practicandum
1316 2521 1346 2574 in
1367 2515 1464 2575 andoin
1485 2525 1514 2576 et

427 2627 512 2680 super
529 2609 582 2662 ha'c
595 2613 690 2663 vestra
707 2609 885 2662 concessione
903 2608 999 2662 literas
1017 2608 1120 2662 babeat
1138 2612 1246 2662 vestras
1264 2609 1354 2678 sigillo
1372 2612 1513 2665 communi

428 2699 589 2768 obsignatas

358 2787 465 2842 Similis
483 2787 573 2856 gratia
590 2785 753 2840 conceditur
771 2791 787 2840 9
806 2785 875 2838 Maii
894 2787 1028 2855 magistro
1047 2787 1158 2857 Lorlryn
1177 2792 1206 2841 et
1224 2787 1432 2857 magistrales
1449 2807 1515 2844 oum

429 2874 524 2929 studio
535 2891 583 2928 sex
595 2891 733 2927 annorum
771 2878 787 2925 b
799 2873 816 2927 J
820 2874 879 2927 unii
894 2876 1025 2944 magistro
1038 2874 1138 2929 Cowell
1151 2893 1215 2929 cum
1228 2875 1323 2930 studio
1336 2882 1351 2930 5
1364 2895 1502 2931 annorum

359 3025 400 3079 Yt
412 3025 437 3078 is
448 3020 585 3092 grauuted
599 3025 632 3074 19
644 3021 716 3090 Aug.
730 3025 761 3074 to
771 3021 812 3074 Mr
821 3021 927 3091 Georgo
939 3022 1091 3076 Ackworth
1103 3021 1251 3076 thoratour
1263 3029 1293 3076 to
1306 3023 1376 3078 bave
1384 3023 1429 3078 bis
1438 3024 1515 3079 office

430 3111 460 3165 in
481 3127 513 3164 as
533 3109 626 3179 ample
647 3126 764 3163 manner
781 3127 813 3164 as
831 3110 855 3164 it
873 3109 942 3164 bath
965 3109 1034 3164 been
1053 3111 1191 3180 graunted
1212 3115 1242 3165 to
1264 3129 1319 3183 any
1338 3112 1370 3166 of
1388 3113 1432 3166 bis
1454 3131 1514 3184 pra-

430 3197 592 3252 deoassours
609 3197 638 3251 in
656 3197 722 3251 that
739 3196 817 3251 office

241 3639 261 3698 l.
279 3639 316 3698 53
332 3659 350 3695 a
724 3631 954 3698 Bacehalaurei
976 3633 1009 3696 in
1032 3633 1158 3698 artibus

363 3813 533 3868 Conceditur
545 3816 580 3868 20
592 3811 610 3868 J
611 3811 721 3867 anuarii
733 3811 870 3867 Nicholao
887 3812 986 3867 Butler
997 3815 1028 3868 vt
1043 3817 1076 3868 12
1093 3815 1206 3870 termini
1219 3817 1248 3870 in
1265 3815 1368 3886 quibus
1386 3818 1518 3874 lectiones

433 3899 588 3954 ordinarias
605 3897 717 3952 audiuit
734 3896 800 3951 licet
818 3914 874 3951 non
893 3899 1008 3953 omnino
1024 3900 1176 3955 secundum
1195 3902 1314 3956 formam
1333 3906 1435 3960 statuti
1453 3923 1518 3961 cum

433 3986 657 4059 oppositionibus
677 3990 707 4040 et
729 3986 956 4056 responsionibus
980 3988 1124 4058 requisitis
1144 3989 1284 4045 sufficiant
1303 3992 1328 4045 ci
1349 3992 1386 4047 ad
1406 4010 1518 4066 rospon-

434 4074 558 4130 dendum
575 4073 717 4145 questioni

364 4162 471 4219 Eadem
498 4162 589 4233 gratia
613 4160 775 4216 conceditur
803 4160 838 4216 da
863 4161 947 4217 verbo
973 4163 1003 4218 in
1030 4163 1148 4219 verbum
1172 4163 1319 4221 Francisco
1343 4168 1519 4226 Tesmounda

435 4250 559 4306 Martino
579 4249 742 4322 Parlrynson
761 4249 884 4306 Roberto
903 4251 1023 4323 Symeon
1045 4252 1195 4308 Edmundo
1217 4253 1363 4326 Chapman
1383 4257 1519 4314 Nicholao

436 4338 551 4393 Browne
565 4341 604 4408 (ct
622 4341 654 4394 27
672 4337 812 4406 ianuarii)
824 4337 869 4394 Jo.
887 4337 1012 4394 Laurens
1025 4337 1067 4394 W.
1081 4339 1248 4396 Bradforthe
1265 4341 1307 4397 W.
1321 4341 1433 4401 Claiton
1450 4344 1519 4404 Tho.

438 4425 592 4482 WardeJo.
607 4425 732 4482 Burman
