3344 5110
782 337 896 391 casca
918 340 1011 392 acon
1034 344 1057 392 Δ
1340 332 1507 419 [154341

797 808 1045 897 [ress-1544]

242 998 263 1056 f·
281 1001 327 1058 lb
343 1003 455 1069 Gratis
475 1004 546 1069 siue
568 1005 745 1091 petitiones
767 1028 915 1072 concesse
937 1007 972 1072 in
994 1006 1093 1093 plena
1116 1007 1365 1093 congregatione
1388 1029 1501 1094 regen·

429 1109 511 1173 tium
545 1118 579 1173 et
615 1131 679 1173 non
712 1110 899 1196 regentium
929 1133 950 1175 a
979 1111 1062 1175 sesto
1098 1109 1270 1175 Michaelis
1302 1133 1388 1175 anno
1416 1113 1500 1176 1543

430 1235 531 1298 vsque
557 1211 598 1277 ad
622 1212 721 1278 iidem
749 1213 867 1278 festum
900 1224 1021 1279 extunc
1046 1213 1192 1300 proxime
1222 1237 1361 1300 sequens
1426 1215 1499 1279 doc·

428 1325 497 1382 tore
528 1316 711 1382 Edmondes
746 1327 780 1382 ct
812 1319 944 1384 doctore
982 1317 1122 1405 Smytbe
1160 1318 1431 1384 vicecancellariis
1464 1328 1498 1384 et

429 1420 595 1507 magistris
615 1420 757 1485 Henrico
775 1419 1027 1488 Oumberfortbe
1044 1421 1209 1486 Willelmo
1225 1421 1408 1509 Waklynge
1427 1444 1498 1507 pro·

426 1524 630 1590 curatoribus

339 1676 373 1730 In
398 1678 498 1749 primis
521 1677 683 1734 conceditur
707 1683 739 1732 vt
762 1697 858 1734 omnes
882 1679 971 1751 gratie
995 1679 1171 1735 admittendo
1192 1684 1222 1734 et
1247 1679 1423 1734 concedende
1447 1696 1497 1750 per

408 1765 555 1821 dominum
573 1767 829 1823 vicecancellarium
849 1768 992 1824 doctorem
1012 1767 1124 1840 Busbye
1143 1769 1291 1840 magistros
1310 1768 1382 1840 Pory
1399 1767 1498 1822 Foster

408 1859 438 1908 et
456 1853 640 1909 Sawnderson
657 1856 769 1926 possint
787 1873 949 1910 concurrere
966 1856 995 1910 in
1010 1862 1132 1926 quatuor
1144 1853 1402 1926 congregationibus
1414 1855 1497 1910 istius

408 1943 475 1996 unni
488 1942 529 1996 ita
540 1942 616 2013 quod
628 1943 732 2013 singuli
744 1942 844 1998 horum
857 1945 1028 1999 unanimiter
1039 1945 1219 1998 consentiant

338 2148 411 2203 Item
429 2146 591 2202 conceditur
607 2148 725 2219 Georgio
744 2148 809 2220 Mey
821 2149 906 2204 huius
918 2147 1113 2204 vniuersitotis
1129 2149 1159 2203 in
1174 2147 1284 2203 artibus
1298 2146 1493 2202 bacchslaurio

407 2243 439 2290 vt
456 2237 583 2292 studium
601 2241 630 2291 et
648 2238 771 2308 practica
789 2241 897 2309 septem
919 2255 1058 2293 annorum
1076 2237 1106 2291 in
1124 2242 1185 2292 arte
1203 2235 1311 2292 medica
1329 2236 1449 2291 sufficiat
1466 2237 1492 2290 ei

407 2324 442 2379 ad
462 2323 673 2395 practicandum
693 2325 723 2378 in
742 2325 840 2380 eadem
858 2325 993 2380 facultate
1011 2326 1052 2380 ita
1072 2324 1148 2396 quod
1169 2326 1230 2379 eius
1248 2323 1370 2380 eruditio
1390 2325 1492 2379 exami-

407 2417 490 2464 netur
513 2413 543 2464 et
565 2408 737 2481 approbetur
758 2428 810 2482 per
832 2410 976 2466 doctorem
1001 2408 1103 2481 Blytbe
1128 2413 1159 2464 et
1183 2409 1350 2479 magistrum
1376 2408 1438 2480 Byll
1462 2412 1493 2462 et

406 2497 510 2552 habeat
521 2497 619 2552 literas
630 2497 766 2567 sigillatae
778 2497 868 2568 sigillo
880 2497 1022 2553 communi
1035 2497 1228 2552 uniuersitatis
1240 2497 1280 2550 sic
1295 2501 1326 2551 vt
1337 2497 1492 2551 satisfaciat

406 2587 546 2642 officiariis

692 2961 923 3028 Bacchalaurei
945 2962 980 3027 in
1001 2962 1127 3028 artibus

333 3144 367 3198 In
380 3144 479 3216 primis
491 3143 653 3200 conceditur
663 3142 811 3199 Edouerdo
823 3143 956 3200 chsallo
968 3148 1000 3198 vt
1013 3147 1045 3198 12
1062 3142 1176 3198 termini
1195 3142 1326 3216 completi
1340 3142 1371 3198 in
1385 3140 1488 3214 quibus

402 3231 536 3288 lectiones
554 3231 709 3286 ordinarias
729 3231 842 3286 audiuit
858 3249 909 3302 per
926 3231 1060 3285 maiorem
1080 3235 1189 3302 partem
1208 3230 1356 3287 cuiuslibet
1373 3229 1486 3286 termini

402 3338 467 3376 cum
479 3318 703 3392 oppositionibus
714 3325 743 3374 et
755 3319 983 3391 responsionibus
993 3319 1136 3390 requisitis
1145 3319 1286 3373 sufficiant
1294 3317 1320 3372 ei
1329 3318 1365 3373 ad
1375 3336 1485 3390 respon-

401 3408 525 3464 dendum
536 3409 677 3480 questioni

333 3496 406 3550 Item
419 3495 581 3550 conceditur
589 3494 697 3550 Thome
709 3495 796 3550 Yealo
812 3502 844 3550 vt
861 3499 893 3550 12
910 3495 1024 3550 termini
1038 3495 1170 3566 completi
1187 3495 1216 3549 in
1234 3494 1337 3565 quibus
1355 3495 1485 3551 lectiones

401 3585 557 3640 ordinarias
576 3583 689 3640 audiuit
709 3602 761 3656 per
777 3585 911 3639 maiorem
929 3589 1039 3655 partcrn
1058 3586 1088 3638 in
1106 3588 1167 3638 tote
1183 3599 1248 3638 cum
1264 3584 1485 3655 oppositionibus

401 3676 431 3728 et
443 3671 668 3744 responsionibus
680 3671 824 3742 mquisitis
835 3671 977 3726 sufficiant
988 3671 1014 3725 ci
1026 3670 1061 3726 ad
1075 3669 1299 3742 respondendum
1310 3673 1451 3742 questioni

331 3759 436 3814 Eadem
455 3758 546 3830 gratia
564 3757 599 3813 de
620 3756 705 3813 verbo
726 3758 756 3811 in
778 3756 895 3812 verbum
916 3756 1078 3812 conceditur
1097 3756 1240 3828 Stephano
1262 3757 1347 3811 Enew
1369 3758 1486 3829 Georgio

401 3848 510 3919 Harrys
523 3845 672 3901 Wilhelmo
685 3845 784 3900 Talero
796 3844 919 3899 Roberto
934 3843 1066 3915 Townley
1079 3843 1218 3898 Richardo
1229 3844 1350 3916 Wryght
1364 3845 1484 3900 Roberto

401 3933 580 3989 Beamounde
593 3931 714 3987 Roberto
728 3932 802 3986 Peell
814 3931 832 3987 J
834 3931 918 3986 oanni
929 3930 1028 3985 Ebden
1041 3931 1148 3986 Simoni
1159 3930 1308 4002 Metcaytl'e
1320 3936 1350 3986 ct
1363 3932 1484 3987 chrioo

400 4021 501 4077 Olarke

330 4109 404 4166 Item
428 4109 590 4165 conceditur
611 4105 751 4162 Richardo
772 4105 894 4162 Brookes
918 4111 949 4162 vt
976 4110 1008 4160 12
1033 4105 1147 4161 termini
1170 4105 1302 4176 completi
1327 4106 1356 4160 in
1380 4106 1483 4178 quibus

399 4197 533 4252 lectiones
547 4194 702 4250 ordinarias
717 4193 829 4248 audiuit
847 4211 897 4265 per
913 4195 1047 4248 maiorem
1063 4193 1218 4264 partemin
1236 4198 1297 4248 toto
1316 4211 1380 4249 cum
1399 4211 1482 4266 oppo-

399 4284 549 4342 sitionibus
560 4289 590 4339 et
602 4283 828 4354 responsionibus
845 4283 989 4354 requisitis
1005 4283 1146 4337 sufficiant
1161 4283 1187 4336 ei
1204 4283 1239 4337 ad
1258 4283 1482 4354 respondendum

399 4373 539 4445 questioni
558 4373 599 4426 sic
614 4370 691 4442 quod
708 4371 770 4425 eius
787 4371 922 4426 admissio
938 4375 996 4425 atet
1013 4387 1064 4441 pro
1081 4369 1228 4440 completis
1243 4369 1332 4440 gradu
1347 4377 1377 4426 et
1393 4373 1482 4427 forma
