3394 5114
213 319 377 402 tots-65]
646 335 760 384 aaron
782 337 874 383 soor
899 337 921 382 a
1305 321 1366 382 189

212 491 382 580 Conceditur
406 497 440 548 15
464 494 545 552 Junii
569 499 601 550 vt
625 495 768 566 reupontio
793 495 950 566 peragenda
973 496 1002 550 in
1028 494 1162 565 vesper-iis
1191 493 1369 548 comitiorum

283 581 472 652 proximorum
485 600 535 653 per
546 583 713 653 magistrum
733 583 848 637 Hutton
863 587 922 638 stet
937 600 988 653 pro
1005 581 1229 654 oppositionibus
1245 580 1281 635 sd
1298 597 1370 650 quas

282 675 397 724 tenetur
414 671 522 725 ratione
540 670 643 742 graden
661 671 706 726 sui
724 671 895 743 suscipiendi
913 671 981 742 quia
998 670 1055 725 iam
1074 687 1125 740 pro
1144 677 1263 740 vtroque
1279 667 1368 740 gradu

282 757 436 829 theologico
448 757 594 830 respondit

390 1197 513 1263 (iratiae
537 1198 626 1264 varie
650 1199 775 1263 nullam
799 1209 1030 1264 concernentes
1054 1199 1190 1263 formam

213 1385 383 1441 Conceditur
396 1390 426 1440 ll
442 1385 571 1441 Octobris
584 1390 616 1441 rt
628 1386 760 1441 exercitia
772 1386 809 1441 ad
821 1403 878 1458 que
890 1391 1003 1441 tenetur
1019 1386 1153 1456 magister
1171 1386 1246 1440 Lana
1262 1387 1371 1442 ratione

284 1473 386 1544 gradm
403 1474 447 1529 sui
464 1474 587 1545 suscepti
607 1473 727 1544 possint.
737 1474 841 1528 mutari
861 1473 890 1527 in
912 1473 1008 1528 decern
1027 1491 1170 1528 sermones
1184 1473 1218 1528 ad
1235 1475 1369 1546 populum

284 1580 404 1633 quorum
424 1580 496 1617 vnus
514 1562 552 1616 sit
570 1561 607 1616 ad
625 1579 735 1616 crucem
753 1562 812 1616 divi
832 1562 911 1616 Pauli
929 1563 1064 1633 quoniam
1085 1564 1114 1618 in
1138 1562 1275 1618 Hibernia
1296 1581 1371 1618 nunc

285 1667 401 1705 versans
419 1650 550 1722 desperet
566 1668 596 1704 se
613 1650 771 1705 rediturum
789 1655 856 1704 ante
874 1651 989 1704 comitia
1007 1651 1134 1720 proxima

214 1737 385 1793 Conceditur
409 1737 506 1792 eodem
532 1741 564 1792 vt
593 1738 728 1793 hodierna
751 1739 908 1809 disputatio
932 1757 987 1810 que
1011 1743 1127 1810 propter
1152 1741 1370 1811 magistratuum

283 1825 447 1880 electionem
462 1829 509 1880 'eet
527 1825 689 1880 intermissa
706 1844 757 1896 pro
774 1826 851 1880 facta
868 1824 1007 1880 habeatur
1023 1827 1116 1897 quoad
1136 1827 1303 1898 magistrum
1321 1829 1370 1899 qui

285 1910 443 1982 disputaret
460 1916 489 1966 et
505 1911 627 1966 bedellos
644 1913 777 1982 quoniam
793 1915 902 1967 statuto
917 1917 1033 1968 cautum
1048 1917 1092 1966 est
1108 1930 1144 1966 ne
1160 1913 1228 1984 quid
1243 1914 1325 1969 cedat
1341 1915 1370 1969 iu

276 2001 470 2070 'preiudicium
489 2000 662 2056 bedellorum

215 2089 385 2144 Conceditur
396 2088 494 2143 eodem
507 2089 640 2160 magistro
652 2089 759 2144 doctori
771 2089 859 2145 Perne
867 2095 900 2144 vt
912 2089 1002 2160 possit
1014 2107 1107 2160 regere
1120 2095 1149 2144 et
1162 2108 1217 2144 non
1230 2109 1324 2161 regere
1335 2091 1371 2146 ad

286 2177 422 2248 placitum
434 2177 475 2232 sic
489 2185 520 2232 vt
532 2178 625 2232 solvat
637 2178 815 2233 uniuersitati
829 2196 887 2232 xxs

215 2266 287 2321 Cum
299 2265 490 2338 superioribus
502 2266 601 2322 diebus
612 2267 693 2322 litere
706 2285 723 2322 a
735 2267 899 2338 dignissimo
913 2271 1009 2320 nostro
1022 2266 1194 2321 Cancellario
1206 2272 1274 2321 sunt
1287 2268 1372 2321 misse

286 2353 322 2408 ed
334 2352 540 2424 prohibendum
558 2359 720 2408 contractus
732 2371 796 2408 cum
809 2352 957 2423 oppidanis
972 2351 1136 2407 conceditur
1152 2357 1184 2407 21
1205 2352 1372 2408 Novembris

286 2445 319 2496 vt
329 2440 461 2497 dominus
474 2443 707 2512 procancellan'us
719 2443 847 2512 magistri
855 2441 983 2496 doctores
994 2442 1081 2496 Perna
1092 2442 1224 2497 Hawford
1233 2442 1335 2496 Stokes
1343 2447 1373 2498 et

288 2529 386 2602 Harvy
397 2534 427 2584 et
439 2530 573 2600 magister
586 2529 678 2601 Ledys
690 2530 813 2586 habeant
825 2530 1028 2584 authoritatem
1044 2528 1219 2600 concipiendi
1235 2529 1372 2600 quasdam

286 2618 421 2673 formulas
433 2618 495 2673 illas
507 2619 604 2673 literas
616 2623 814 2673 concernentes
826 2623 856 2672 et
868 2635 915 2672 eas
927 2617 1062 2672 formulas
1075 2635 1168 2672 coram
1181 2617 1261 2672 vobis
1278 2619 1372 2689 legant

287 2709 353 2758 ante
367 2705 472 2759 festum
490 2691 660 2758 Natiuitatis
679 2705 792 2758 Domini
810 2705 967 2775 proximum
980 2707 1012 2758 vt
1027 2704 1051 2758 si
1069 2708 1131 2758 tum
1150 2704 1230 2760 vobis
1242 2705 1372 2776 placeant

286 2809 337 2863 pro
349 2797 460 2847 statuto
472 2793 630 2847 habeantur

217 2880 387 2936 Conceditur
411 2885 443 2935 21
470 2879 638 2935 Novembris
663 2881 797 2951 magistro
822 2882 909 2937 Henr.
937 2881 1083 2951 Dethycke
1112 2889 1143 2936 vt
1172 2883 1212 2935 sit
1238 2900 1310 2936 vnus
1338 2900 1371 2937 ex
1385 2880 1405 2940 f.
1423 2881 1461 2939 83
1476 2903 1493 2938 a

290 2972 322 3022 12
336 2967 578 3022 concionatoribus
595 2968 647 3022 hoc
663 2985 738 3022 anno
754 2968 918 3023 emittendis
937 2986 986 3039 per
998 2967 1170 3023 academiam
1182 2975 1212 3022 et
1224 2986 1308 3039 super
1320 2970 1372 3024 hac

288 3056 464 3110 concessione
483 3056 586 3110 habeat
603 3057 700 3112 literas
718 3062 826 3111 vestras
844 3057 935 3127 sigillo
953 3056 1095 3111 communi
1111 3055 1273 3126 obsignatas
1289 3056 1372 3110 modo

288 3143 366 3214 prius
377 3144 557 3198 concionatur
569 3145 598 3198 in
611 3145 752 3199 academie
764 3145 871 3215 templo
883 3153 949 3200 ante
961 3144 1107 3199 literarum
1119 3143 1341 3214 obsignationenr

218 3231 324 3285 Eadem
342 3232 434 3301 gratia
451 3229 614 3285 conceditur
632 3231 728 3285 eodem
747 3231 883 3302 magistro
902 3231 988 3286 Gallr.
1008 3231 1135 3286 Johnson
1191 3235 1225 3286 26
1243 3233 1371 3287 Januarii

290 3319 423 3388 magistro
443 3319 486 3373 Jo.
510 3318 629 3388 Igulden
649 3323 680 3372 et
701 3322 736 3372 30
758 3318 855 3372 Martii
879 3317 1014 3388 magistro
1037 3318 1161 3373 Johanni
1186 3319 1319 3374 Ronland
1343 3329 1372 3374 et

289 3407 423 3476 magistro
441 3405 561 3460 Ricardo
580 3407 725 3460 Coortcsse

218 3492 388 3548 Conceditur
402 3497 433 3547 21
454 3492 621 3548 Novembris
638 3499 670 3547 vt
685 3492 740 3546 due
756 3492 952 3562 replicationes
968 3492 1004 3546 ad
1021 3510 1092 3562 quas
1109 3498 1222 3548 tenetur
1238 3495 1372 3565 magister

248 3652 253 3660 .
289 3582 387 3637 doctor
398 3581 465 3636 Cole
477 3584 585 3637 ratione
598 3581 700 3652 gradus
716 3581 761 3634 sui
776 3581 900 3651 suscepti
917 3581 1028 3651 possint
1044 3581 1168 3634 converti
1183 3582 1212 3635 in
1228 3581 1299 3637 duos
1315 3600 1370 3637 ser·

290 3689 386 3726 mones
402 3670 438 3725 ad
452 3671 588 3742 populum
603 3671 643 3724 sic
660 3675 692 3724 vt
709 3687 780 3724 vnus
797 3687 893 3723 eorum
911 3669 1049 3724 habeatur
1065 3669 1100 3724 ad
1117 3687 1227 3724 crucem
1247 3671 1324 3726 Pauli
1342 3677 1371 3726 et

198 3825 202 3830 Ι
288 3760 360 3814 alter
372 3760 417 3813 hic
429 3759 457 3812 in
470 3759 611 3813 academie
624 3757 729 3828 templo
1103 3749 1105 3758 ’

218 3845 432 3902 Conceditur30
442 3843 610 3898 Novembris
620 3849 652 3898 vt
659 3844 791 3899 dominus
800 3843 1033 3914 procencellariue
1042 3847 1071 3898 et
1080 3844 1152 3898 alter
1160 3857 1372 3916 procuratorum

289 3933 416 3988 delerant
423 3932 519 3986 literae
528 3931 564 3986 ad
576 3933 726 4002 Regineam
737 3930 915 3985 maiestatem
924 3936 953 3984 et
963 3929 1086 3985 habeant
1095 3948 1231 4001 expensas
1239 3932 1373 3988 allocatas

290 4019 479 4092 perductores
492 4019 625 4074 Hawlord
638 4023 667 4073 et
681 4019 778 4089 Harvy

220 4107 389 4165 Conceditur
401 4111 436 4162 26
448 4107 464 4161 J
467 4107 576 4162 anuarii
591 4111 621 4161 vt
634 4107 773 4160 orationes
784 4123 835 4176 pro
847 4104 988 4159 defunctis
1000 4123 1016 4159 e
1027 4105 1158 4160 fenestris
1175 4105 1276 4160 harum
1294 4107 1372 4162 scho-

290 4196 381 4250 larum
393 4195 540 4250 deleantur
551 4195 588 4249 ad
600 4212 735 4265 expensas
747 4193 875 4264 magistri
888 4192 1022 4265 Wythers

220 4284 389 4340 Conceditur
401 4283 498 4338 eodem
511 4289 543 4336 vt
554 4283 687 4337 exercitia
698 4282 734 4337 nd
747 4299 803 4352 que
814 4285 928 4335 tenetur
937 4290 977 4334 rnr
985 4280 1083 4335 doctor
1093 4281 1254 4351 Pylkynton
1264 4283 1373 4338 ratione

290 4371 393 4443 gradus
404 4372 449 4426 sui
461 4371 584 4441 suscepti
597 4371 707 4441 possint
719 4368 823 4423 differri
836 4367 872 4422 ad
884 4368 1012 4438 proxima
1023 4367 1138 4422 comitia
