3376 5108
188 355 353 459 1'550-51]
628 387 742 438 onnon
765 387 856 436 soon
879 390 902 435 u

560 740 792 808 Bacchalaurei
814 741 978 827 theologie

190 909 224 963 In
238 910 337 981 primis
345 910 508 966 conceditur
514 911 649 982 magistro
656 909 727 966 Gest
735 908 936 981 viceprepositc
946 907 1052 978 collegii
1061 905 1210 977 Regalisvt
1219 902 1346 959 studium

260 1003 428 1055 dannorum
441 999 470 1054 in
483 999 623 1070 theologia
638 1002 791 1070 postquem
803 997 906 1052 rexerit
922 997 951 1051 in
968 993 1078 1052 ortibus
1094 1010 1157 1049 cum
1171 989 1346 1048 sermonibus

260 1084 488 1158 responsionibus
504 1089 535 1142 et
550 1086 614 1141 aliis
629 1085 770 1141 exercitiis
787 1083 933 1156 requisitis
950 1081 1092 1138 sufficient
1108 1080 1134 1136 ci
1152 1081 1188 1135 ad
1206 1096 1346 1152 opponen-

260 1172 328 1229 dum
341 1175 371 1230 in
383 1174 523 1245 theologia
534 1173 575 1229 sic
589 1173 663 1246 quod
676 1177 743 1228 ante
759 1172 820 1228 cius
834 1171 1033 1227 admissionem
1049 1168 1172 1241 deponat
1188 1167 1346 1223 cautionem

261 1260 362 1316 realem
387 1266 510 1333 quotuor
533 1259 672 1316 librarum
693 1259 729 1315 dc
752 1258 929 1331 perficiendis
949 1257 1090 1313 exercitiis
1113 1259 1181 1311 ante
1203 1253 1348 1310 commitia

261 1367 388 1421 proximu

190 1437 265 1491 Item
281 1437 444 1494 conceditur
458 1437 565 1494 Jacobo
583 1437 761 1510 Pylkyugton
779 1442 810 1492 vt
827 1435 954 1492 studium
974 1439 989 1493 7
1007 1451 1144 1489 annorum
1162 1432 1190 1487 iu
1209 1430 1349 1501 theologia

260 1531 411 1598 postquam
423 1526 527 1581 rexerit
538 1526 568 1581 in
581 1524 690 1582 artibus
702 1526 732 1580 in
745 1524 849 1597 quibus
866 1523 999 1580 lectiones
1010 1522 1121 1578 audiuit
1137 1520 1258 1576 sufficiat
1273 1519 1298 1573 ei
1311 1517 1348 1572 sd

262 1612 425 1669 intrandum
444 1615 473 1669 in
495 1615 629 1686 epistolas
649 1614 729 1670 Pauli
748 1617 779 1669 et
799 1613 889 1686 possit
912 1612 1028 1669 admitti
1052 1611 1088 1666 sd
1107 1610 1243 1683 placitum
1265 1607 1348 1662 modo

261 1701 441 1757 concionetur
464 1701 592 1774 disputet
614 1708 644 1758 et
668 1699 835 1774 respondeat
854 1700 965 1772 quoties
984 1703 1094 1755 statuta
1113 1696 1258 1770 postulant
1276 1695 1348 1750 citro

261 1789 405 1844 commitis
423 1789 550 1861 proxima

191 1875 266 1930 Item
284 1875 446 1932 conceditur
460 1878 595 1948 magistro
613 1876 771 1946 Bovington
787 1878 819 1930 vt
833 1873 960 1930 studium
978 1876 993 1930 7
1009 1889 1147 1928 annorum
1163 1873 1193 1927 in
1209 1870 1348 1943 theologia

261 1968 412 2035 postquam
431 1966 534 2020 rexerit
551 1965 580 2020 in
599 1963 709 2020 artibus
727 1981 783 2020 vna
801 1981 866 2018 cum
884 1961 1060 2018 sermonibus
1078 1959 1301 2033 oppositionibus
1318 1967 1348 2016 ct

261 2051 490 2124 responsionibus
501 2070 552 2126 per
563 2054 638 2125 regio
654 2057 765 2108 statuta
781 2051 925 2123 requisitis
941 2050 1082 2105 sufficiant
1093 2050 1119 2104 ei
1136 2049 1171 2104 od
1184 2048 1348 2105 intrandum

261 2141 293 2195 in
304 2158 383 2196 secra
395 2141 534 2212 theologia

191 2229 297 2285 Eadem
309 2231 400 2300 gratia
411 2231 446 2286 de
456 2230 540 2287 verbo
549 2230 578 2286 in
592 2229 709 2286 verbum
718 2228 882 2286 conceditur
890 2229 1025 2300 magistro
1034 2228 1176 2299 Tompson
1188 2226 1224 2281 de
1235 2225 1349 2297 collegio

262 2317 382 2372 ioannis

193 2405 267 2460 Item
291 2404 454 2461 conceditur
475 2407 610 2477 magistro
635 2405 742 2461 Pedder
761 2409 793 2462 vt
814 2405 941 2461 studium
962 2408 978 2462 7
1000 2421 1138 2459 annorum
1159 2403 1188 2457 in
1210 2402 1349 2472 theologia

263 2498 414 2564 postquam
429 2495 532 2549 rexerit
550 2495 580 2549 in
598 2492 708 2550 artibus
727 2511 864 2549 unacum
883 2492 1059 2548 sermonibus
1076 2491 1303 2563 responsionibus
1320 2497 1349 2545 ct

263 2580 326 2634 aliis
342 2580 482 2635 exercitiis
498 2581 642 2651 requisitis
654 2580 797 2635 sufficiant
809 2581 833 2635 ei
846 2581 882 2636 ad
895 2580 1093 2652 opponendum
1110 2580 1139 2634 in
1155 2578 1293 2651 theologia
1309 2580 1349 2634 sic

263 2666 339 2739 quod
350 2674 504 2739 antequam
521 2669 691 2724 admittatur
702 2669 825 2739 deponat
841 2669 1000 2724 cautionem
1015 2668 1117 2724 realem
1133 2673 1256 2740 quatuor
1267 2668 1349 2723 libre-

263 2773 326 2810 rum
338 2755 373 2810 de
385 2756 560 2826 perficiendis
571 2755 735 2828 exercitii[s]
749 2755 883 2827 predictis
894 2760 961 2810 ante
973 2755 1117 2810 commitis

194 2841 268 2897 Item
292 2842 455 2898 conceditur
475 2843 611 2914 magistro
636 2843 745 2914 Harrys
763 2847 796 2896 vt
815 2843 941 2898 studium
963 2846 981 2897 6
1003 2859 1141 2897 annorum
1163 2842 1192 2895 in
1212 2841 1351 2912 theologia

264 2936 414 3003 postquem
435 2933 539 2988 rexerit
560 2951 625 2988 cum
644 2931 821 2988 sermonibus
839 2932 1068 3004 responsionibus
1085 2935 1115 2986 ct
1132 2931 1195 2986 eliis
1213 2931 1351 2985 exercitiis

264 3019 408 3090 requisitis
420 3018 561 3074 sufficient
573 3020 599 3074 ei
611 3020 647 3074 ad
660 3019 858 3092 opponendum
871 3020 900 3074 in
913 3019 1052 3090 theologia
1063 3019 1102 3073 sic
1111 3019 1186 3089 quod
1199 3023 1350 3088 antequam

264 3106 435 3162 admittatur
453 3107 578 3179 deponat
595 3108 697 3163 realem
716 3107 875 3163 cautionem
894 3112 1018 3178 quotuor
1035 3106 1171 3162 librarum
1192 3107 1227 3162 de
1244 3107 1350 3178 perfici-

265 3196 345 3252 endis
356 3196 496 3251 exercitiis
508 3195 642 3268 predictis
654 3203 721 3252 ante
733 3197 878 3251 committa

196 3285 270 3340 Item
286 3284 449 3340 conceditur
464 3284 555 3340 eidem
568 3289 600 3340 vt
616 3284 671 3340 duc
689 3285 835 3340 conciones
853 3284 889 3339 ad
905 3301 977 3355 quas
993 3288 1106 3338 tenetur
1121 3284 1231 3338 racione
1248 3283 1350 3354 modus

265 3373 513 3429 becchsluureatus
531 3375 561 3428 iu
580 3373 720 3444 theologia
737 3373 907 3445 suscipiendi
926 3373 1060 3444 proximis
1077 3370 1229 3426 commitiis
1245 3371 1349 3426 differri

266 3463 376 3534 possint
387 3462 417 3517 in
429 3463 589 3533 proximum
604 3480 712 3517 annum
724 3463 858 3534 quoniam
877 3467 991 3533 propter
1006 3461 1191 3531 egritudinem
1204 3477 1261 3530 qus
1276 3478 1350 3515 nunc

266 3550 389 3621 graviter
407 3549 517 3606 loborat
539 3550 671 3622 desperet
694 3568 724 3606 se
748 3549 860 3605 eosdem
885 3549 1015 3620 perficere
1039 3566 1120 3619 posse
1143 3549 1215 3603 citra
1238 3555 1351 3619 tempus

267 3637 454 3709 prescriptum
490 3639 536 3693 Sic
555 3636 631 3709 quod
653 3639 835 3710 perficiantur
852 3643 919 3692 ante
941 3636 1047 3692 Pascha
1064 3637 1223 3708 proximum
1259 3637 1352 3692 Morte

266 3729 414 3798 prereptus
431 3730 498 3781 ante
515 3727 662 3781 commitis

197 3813 271 3869 Item
283 3813 445 3869 conceditur
460 3815 595 3884 magistro
607 3814 724 3886 Wylson
740 3813 847 3883 collegii
864 3811 982 3868 loannis
999 3817 1031 3866 vt
1046 3811 1172 3866 studium
1185 3815 1203 3866 6
1214 3828 1352 3868 annorum

267 3901 297 3956 in
318 3901 406 3956 sacris
429 3901 518 3956 literis
538 3905 688 3972 postquem
713 3901 816 3955 rexerit
835 3917 900 3955 cum
921 3899 1031 3955 duabus
1054 3897 1278 3970 oppositionibus
1295 3901 1351 3955 iam

266 3988 373 4044 habitis
390 3991 420 4042 et
437 4005 502 4043 cum
521 4005 576 4042 vno
593 3988 773 4060 responsione
791 3987 925 4059 proximis
943 3986 1095 4041 commitiis
1112 3986 1137 4040 si
1155 3986 1227 4041 alius
1244 3989 1352 4043 nonsit

267 4077 317 4147 qui
338 4075 505 4148 respondeat
522 4093 579 4130 vna
596 4093 661 4131 cum
685 4075 817 4130 omnibus
837 4075 901 4129 aliis
919 4075 1058 4129 exercitiis
1080 4091 1129 4145 per
1149 4080 1259 4129 statute
1278 4077 1353 4146 regia
1442 4123 1445 4131 .

268 4164 412 4236 requisitis
434 4170 502 4218 ante
529 4165 634 4219 festum
663 4163 769 4219 Pasche
793 4164 950 4233 proximum
974 4162 1174 4234 perimplendis
1204 4161 1258 4217 sub
1281 4181 1353 4234 pena

268 4253 409 4309 concionis
422 4251 455 4308 v¹¹
467 4252 595 4324 ponende
608 4253 636 4307 iu
650 4252 781 4308 manibus
793 4259 1004 4324 procuratorum
1015 4255 1168 4322 antequem
1183 4249 1354 4307 admittatur
1408 4283 1470 4335 ,Ν

268 4341 420 4398 sufficictei
429 4347 487 4396 tem
497 4340 533 4395 ad
546 4341 743 4412 opponendum
755 4358 841 4412 quam
849 4340 1013 4395 intrandum
1022 4341 1051 4394 in
1061 4339 1201 4410 theologie
1238 4341 1352 4418 (Omnia

268 4429 517 4502 montmerlo)
1388 4337 1439 4500 lGl
