3378 5116
171 355 337 442 1552-53]
608 377 722 428 susce
744 379 836 429 soor
860 380 882 428 Δ

626 861 873 949 [rsus-1553]

167 1072 283 1138 Gratis
307 1073 377 1138 siue
408 1055 586 1160 peticiones
613 1098 762 1142 concesse
789 1079 824 1144 in
850 1081 948 1166 plena
978 1084 1231 1171 congregacione
1262 1085 1358 1154 Res.
1375 1094 1449 1152 aab

256 1177 406 1263 gentium
430 1185 464 1242 et
480 1201 544 1242 non
561 1179 762 1266 Rogantinm
778 1205 798 1248 a
816 1183 899 1248 festo
920 1186 1025 1250 sancti
1048 1186 1215 1253 Michaelis
1234 1188 1325 1253 aroh-

255 1283 363 1370 angeli
378 1304 465 1347 enno
483 1287 567 1349 1552
584 1286 743 1371 usquead
759 1287 860 1354 iidem
876 1290 997 1356 festum
1018 1291 1165 1378 proxime
1186 1316 1326 1380 sequens

256 1386 386 1453 doctore
410 1387 537 1454 Sandes
548 1389 811 1459 vicecancellario
827 1402 861 1459 et
873 1395 1038 1481 magistris
1050 1396 1138 1462 Edu.
1151 1397 1326 1464 Hawfarde

255 1499 289 1555 et
304 1490 429 1557 Thema
444 1490 527 1556 Yale
543 1495 805 1578 procuratoribus

166 1679 201 1734 Iu
221 1681 320 1752 primis
338 1683 501 1740 uonoaditur
518 1689 548 1739 vt
565 1702 663 1740 omnes
681 1688 770 1757 gratie
788 1687 963 1744 admittenda
980 1707 1031 1761 per
1046 1689 1193 1745 dominum
1211 1708 1325 1762 procan-

238 1769 381 1826 oellarium
402 1772 530 1828 doctores
553 1773 657 1829 Parker
681 1773 790 1830 Madetv
814 1777 917 1848 Blythe
940 1782 970 1833 et
993 1779 1142 1849 magistros
1168 1779 1274 1835 Pedder
1297 1786 1327 1836 st

238 1858 333 1914 Rauen
351 1860 462 1931 possint
479 1879 643 1917 concurrere
662 1863 692 1917 in
710 1869 832 1934 quatuor
850 1866 1110 1937 congregationibus
1128 1867 1211 1922 istius
1229 1870 1296 1924 anni

165 1945 243 2002 Item
255 1947 418 2004 oonoaditur
434 1954 466 2005 vt
481 1950 669 2020 questionists
680 1953 791 2023 possint
806 1955 973 2026 respondere
988 1956 1129 2026 questioni
1141 1960 1207 2028 post
1222 1957 1325 2014 festius

238 2036 441 2108 purificationis
454 2037 534 2095 beate
547 2039 636 2095 Maria
648 2057 705 2096 non
717 2040 848 2097 obstante
859 2045 970 2098 statuto

525 2357 757 2424 Baoohalaurei
779 2359 815 2424 in
837 2358 963 2424 artibus

165 2553 203 2609 In
221 2557 320 2627 primis
340 2553 505 2611 eonceditur
522 2555 626 2610 ioanni
649 2556 744 2612 lairen
764 2561 796 2612 vt
821 2561 855 2612 12
878 2556 993 2611 termuri
1011 2556 1040 2611 in
1065 2554 1169 2627 quibus
1192 2557 1326 2614 lectiones

237 2645 392 2700 ordinarias
409 2643 522 2700 audiuit
537 2643 604 2699 lieet
621 2662 678 2700 uon
695 2647 811 2700 omnino
829 2644 983 2700 secundnm
1002 2645 1122 2700 formam
1139 2647 1242 2702 statuti
1261 2665 1326 2702 oum

237 2731 462 2805 oppositionibus
474 2737 504 2788 at
515 2733 743 2805 responsionibus
754 2752 805 2806 par
816 2734 892 2804 regia
904 2737 1013 2789 statuta
1030 2733 1174 2805 requisitis
1186 2734 1328 2790 sufficiant

237 2820 262 2875 ai
275 2821 311 2876 ad
324 2820 549 2893 respondendum
561 2821 703 2892 questioni

164 2907 271 2964 Eadem
295 2909 387 2980 gretia
411 2909 447 2964 ds
467 2909 552 2964 verbo
574 2912 603 2964 in
625 2908 742 2964 verbum
761 2909 923 2964 oonoeditur
947 2908 1070 2964 Roberto
1094 2909 1200 2982 Swyfte
1221 2909 1328 2966 Thomu

237 2997 363 3053 Rolanda
380 2997 489 3053 Thome
507 2998 628 3070 Hartley
647 2998 783 3053 Niobolao
802 2997 944 3069 Sheperda
962 2996 1101 3052 Richardo
1121 2997 1304 3069 Longwortbe

165 3087 241 3141 Item
253 3087 418 3142 oonoeditur
431 3087 536 3142 Joanni
553 3087 657 3142 Baxter
672 3091 705 3142 vt
719 3093 842 3158 quatuor
858 3102 995 3140 annorum
1013 3085 1141 3140 studium
1157 3086 1236 3141 iuxta
1252 3087 1328 3156 rogia

236 3179 346 3230 statuta
358 3176 388 3230 in
400 3175 505 3246 quibus
517 3175 652 3231 lectiones
663 3175 819 3231 ordinarius
830 3174 943 3230 audiuit
955 3191 1010 3229 une
1026 3192 1092 3229 oum
1104 3174 1327 3246 oppositionibus

235 3263 462 3335 responsionibus
479 3269 509 3319 et
524 3264 625 3319 asteris
643 3263 783 3318 exercitiis
801 3279 851 3335 per
866 3262 964 3318 eadem
982 3266 1092 3317 statuta
1108 3262 1252 3333 requisitis
1269 3263 1327 3318 suf·

237 3351 334 3406 fioiant
345 3352 370 3406 ai
383 3350 418 3405 ad
431 3350 657 3423 respondendum
669 3353 810 3422 questioni

165 3439 241 3494 Item
261 3439 423 3496 oonoeditur
442 3439 569 3496 Gilberto
595 3439 734 3496 Pbitheon
757 3445 789 3495 vt
814 3445 847 3494 12
872 3439 986 3494 termini
1011 3440 1041 3492 in
1066 3439 1169 3508 quibus
1193 3438 1326 3494 lectiones

237 3527 392 3582 ordinarius
416 3527 528 3583 audiuit
549 3527 615 3582 licat
633 3546 688 3583 non
707 3529 822 3584 omnino
840 3526 994 3582 secundnm
1012 3527 1131 3581 formam
1148 3527 1251 3581 statuti
1271 3545 1326 3582 vna

237 3633 299 3672 oum
314 3615 538 3688 oppositionibus
550 3615 779 3689 responsionibus
790 3622 820 3671 et
831 3617 895 3672 aliis
912 3617 1051 3672 exercitiis
1068 3633 1117 3687 par
1128 3617 1204 3686 regia
1216 3621 1326 3672 statuta

236 3704 381 3776 requisitis
393 3705 534 3760 sufficiant
545 3705 571 3760 ei
584 3704 619 3759 ad
633 3704 859 3776 respondendum
870 3703 1011 3774 questioni

164 3791 272 3848 Eadem
288 3794 382 3864 gratia
397 3791 433 3848 de
450 3791 535 3847 verbo
553 3793 583 3846 iu
600 3791 717 3847 verbum
732 3791 896 3848 coneeditur
915 3789 1053 3845 Richardo
1073 3789 1171 3844 Foster
1189 3791 1325 3848 Nioholao

236 3881 386 3953 Abiphaell
399 3880 537 3936 Eduardo
550 3881 662 3936 Barrett
673 3881 690 3946 J
693 3882 777 3935 oanni
790 3880 892 3950 Spitho
903 3884 933 3934 et
945 3879 1049 3934 Joauni
1062 3879 1122 3932 Ball

165 3969 241 4024 item
260 3968 422 4024 mnoeditur
441 3969 549 4024 Thomu
566 3969 713 4041 Ohepman
732 3976 763 4024 vt
784 3973 813 4024 ll
836 3968 950 4023 termini
971 3985 1035 4022 oum
1055 3983 1087 4021 eo
1108 3967 1138 4021 in
1158 3985 1214 4039 quo
1234 3967 1323 4024 deter-

236 4057 395 4112 minaturus
407 4062 452 4111 est
463 4056 493 4111 in
506 4054 610 4126 quibus
621 4056 755 4112 lectiones
767 4055 923 4111 ordinarias
935 4054 1047 4110 audiuit
1059 4055 1125 4110 lieet
1136 4073 1193 4110 non
1210 4057 1324 4112 omnino

236 4143 390 4200 seeundum
407 4144 527 4199 fornram
544 4143 646 4198 statuti
663 4159 727 4198 oum
744 4141 969 4216 oppositionibus
986 4147 1016 4196 et
1032 4141 1259 4213 responsionibus
1275 4161 1324 4216 par

157 4299 161 4304 ¹
236 4235 311 4308 regia
322 4238 434 4290 statuta
446 4233 591 4305 requisitis
603 4233 744 4289 sufficiant
755 4232 781 4288 si
793 4231 829 4288 ad
841 4230 1066 4304 respondendum
1076 4231 1218 4301 questioni

164 4323 270 4380 Mem
281 4324 375 4396 grstia
385 4323 549 4380 oonoeditur
561 4323 639 4379 Rich.
653 4322 755 4378 Gur-tes

1162 4525 1240 4585 6-2
