3398 5122
199 322 364 411 1584-85]
635 340 749 391 aaron
772 339 865 391 acor
888 341 911 391 a
1289 325 1353 392 393

268 494 396 551 morbum
420 514 505 567 quem
523 515 558 552 ex
577 497 751 568 negotiorum
773 498 957 553 multitudine
977 502 1155 553 contraxerat
1175 497 1273 553 adeam
1298 516 1354 552 non

266 583 360 652 potnit
371 583 489 654 ideoque
501 585 651 639 creationis
663 603 713 640 ene
725 584 891 640 beneficium
904 603 936 640 eo
949 590 1076 658 tempore
1088 603 1145 639 non
1157 584 1284 641 obtinuit
1297 586 1353 640 iam

267 671 442 727 concessione
454 677 548 728 vestra
560 671 694 727 benevola
706 673 794 728 intret
810 677 840 728 et
856 691 889 728 ea
905 672 990 728 simul
1006 673 1127 744 accipiat
1143 689 1198 744 que
1214 674 1356 729 creatione

268 759 414 829 perficiant

198 845 368 902 Conceditur
381 850 396 905 7
409 847 427 902 J
430 847 479 902 ulii
497 854 529 903 vt
545 848 679 920 magist&
695 848 792 905 Barth.
810 847 1031 922 Ohamberleyne
1048 848 1215 905 Oxonieneie
1228 849 1259 906 in
1278 849 1355 906 theo·
1369 846 1390 906 i.
1408 846 1465 904 148
1479 865 1498 904 a

268 935 341 1008 logia
352 935 450 992 doctor
462 942 493 992 vt
505 937 545 992 eit
560 937 606 992 hio
622 937 698 1010 apud
714 956 764 993 voe
781 938 881 994 iisdem
898 938 995 994 ordine
1011 956 1086 994 anno
1102 943 1132 994 ct
1147 939 1236 1010 gradu
1252 938 1355 1010 quibus

270 1025 327 1080 iam
339 1028 383 1080 eet
395 1024 425 1080 in
436 1025 579 1081 academia
592 1025 744 1081 Oxonienai

198 1111 305 1168 Eadem
322 1114 413 1185 gratia
432 1113 594 1170 conceditur
611 1114 709 1170 eodem
727 1114 866 1171 Edwardo
884 1114 1047 1170 Gellibrand
1064 1115 1215 1170 Oxoniensi
1232 1116 1261 1170 in
1278 1116 1353 1171 theo·

269 1201 342 1272 logia
359 1201 559 1258 bacchalanroo

200 1289 305 1344 Eadem
317 1291 409 1360 gratia
426 1290 590 1347 conceditur
601 1290 742 1346 Willelmo
756 1291 816 1346 Hill
828 1289 871 1346 Jo.
885 1290 989 1362 Eveley
1002 1290 1139 1346 Nioholao
1156 1292 1263 1348 Mercer
1279 1293 1354 1348 Edw.

270 1377 418 1432 Wickham
439 1379 566 1434 Antonio
587 1378 767 1434 Morebreade
786 1379 909 1434 Martino
928 1378 1021 1434 Reade
1038 1385 1068 1434 et
1085 1379 1224 1435 Willelmo
1242 1381 1356 1454 Tnoney

270 1464 475 1521 Oxonieneibue
486 1467 590 1521 artium
604 1467 746 1537 magistris
758 1472 788 1522 et
801 1466 941 1522 Willelmo
952 1465 1072 1521 Woodae
1084 1466 1235 1522 Oxonienei
1252 1468 1280 1522 in
1293 1468 1357 1538 jure

271 1551 470 1608 bacchalaureo
483 1561 515 1610 vt
529 1556 587 1609 sint
602 1554 678 1627 apud
693 1573 745 1610 ros
760 1555 790 1609 in
807 1554 911 1609 eisdem
928 1558 1006 1608 statu
1023 1572 1098 1608 anno
1114 1555 1211 1610 ordine
1224 1560 1254 1610 et
1269 1555 1357 1626 gradu

273 1640 377 1711 quibua
389 1644 458 1696 eunt
472 1641 502 1696 in
516 1641 660 1697 academia
674 1642 825 1697 Oxonienai
862 1641 960 1698 Ambr.
974 1642 1077 1714 Smyth
1090 1643 1240 1698 Oxonienei
1252 1644 1356 1698 artium

270 1727 469 1784 bacchalaureo
480 1735 510 1785 et
522 1728 694 1785 Archibaldo
706 1729 776 1786 Osat
789 1730 871 1786 Scoto
884 1729 919 1785 de
931 1729 1075 1785 academia
1089 1731 1180 1786 sancti
1197 1730 1310 1786 Andree
1327 1733 1357 1786 in

270 1815 379 1870 artibds
392 1817 525 1886 magistro
538 1821 569 1872 vt
580 1816 619 1871 ait
631 1817 660 1872 in
673 1817 778 1873 eisdem
790 1822 868 1872 statu
881 1835 955 1873 anno
966 1817 1064 1873 ordine
1075 1823 1105 1873 et
1116 1817 1205 1890 gradu
1221 1818 1266 1873 hic
1282 1818 1356 1890 apud

270 1921 320 1957 voa
331 1903 435 1973 quibus
446 1909 491 1959 eet
503 1905 533 1959 in
546 1904 689 1960 academia
700 1906 792 1961 sancti
804 1905 917 1962 Andree
