3376 5108
330 318 394 382 160
762 333 877 382 aaron
899 333 990 382 soon
1014 333 1037 381 n
1319 317 1487 402 [1561-62

329 490 499 547 Conceditur
510 490 561 562 vjto
573 489 718 546 Februarii
731 495 763 545 vt
774 489 835 546 dies
852 491 931 546 Luna
947 494 978 546 et
990 488 1092 544 Martis
1108 489 1139 544 in
1155 489 1338 561 carnisprivio
1355 489 1415 544 sint
1430 506 1486 544 non

398 577 583 650 disputabiles
595 596 651 634 non
664 577 796 634 obstante
807 582 917 634 statuto
928 577 984 634 nisi
999 577 1092 650 quoad
1104 577 1254 650 magistros
1265 577 1444 650 disputantes
1458 581 1488 633 et

399 665 521 722 bedellos

328 754 498 811 Conceditur
520 773 556 810 xx
575 755 672 811 Martii
689 759 721 810 vt
738 773 830 811 sermo
848 755 884 811 ad
901 773 1013 812 crucem
1031 755 1090 811 divi
1111 755 1190 811 Pauli
1211 755 1353 827 adquam
1374 758 1488 811 tenetur

398 843 532 915 magister
551 844 595 899 Jo.
622 843 801 916 Pyllryngton
826 843 934 899 ratione
955 841 1059 915 gradus
1079 843 1203 915 suscepti
1223 844 1314 915 possit
1331 843 1437 899 mutari
1456 843 1487 898 in

396 949 445 986 sex
457 948 599 986 sermones
610 930 647 986 ad
659 930 795 1002 populum
807 930 837 986 in
847 930 1062 1003 quibuscunque
1070 930 1139 986 locis
1151 929 1193 985 illi
1206 929 1355 986 videbatur
1367 930 1487 986 maxime

396 1036 549 1090 congruum

326 1105 496 1163 Conceditur
511 1123 548 1161 xv
565 1105 634 1161 Maii
651 1111 683 1161 vt
699 1105 843 1178 responsio
860 1105 897 1160 ad
914 1122 1000 1177 quam
1018 1109 1132 1161 tenetur
1149 1106 1284 1178 magister
1300 1105 1361 1162 Bell
1378 1107 1487 1162 ratione

397 1194 499 1266 gradus
517 1194 561 1249 sui
583 1193 708 1265 suscepti
727 1194 817 1266 possit
839 1193 944 1248 differri
964 1193 994 1248 in
1012 1193 1169 1265 proximum
1188 1211 1295 1249 annum
1314 1194 1404 1250 sicvt
1424 1210 1486 1249 eam

397 1288 512 1357 peragat
526 1289 594 1339 ante
610 1284 715 1338 festum
729 1282 875 1338 Paschatis
891 1282 1050 1354 proximum
1067 1281 1121 1337 sub
1137 1300 1211 1354 pena
1228 1282 1292 1354 liijs
1310 1282 1378 1354 iiijd
1398 1281 1486 1354 (foris

398 1373 464 1429 iecit
476 1374 573 1446 mcrq.)

327 1461 497 1518 Conceditur
512 1460 609 1516 eodem
626 1465 658 1515 vt
674 1477 765 1515 sermo
784 1459 821 1514 ad
837 1459 942 1514 clerum
959 1458 994 1514 ad
1012 1475 1098 1530 quem
1114 1463 1228 1514 tenetur
1243 1458 1378 1529 magister
1394 1457 1487 1512 Fuller

398 1549 506 1604 ratione
517 1547 621 1620 gradus
632 1548 676 1602 sui
693 1547 817 1619 srrsoepti
830 1547 920 1618 possit
937 1545 1042 1602 differri
1057 1547 1085 1601 in
1099 1546 1174 1601 diem
1191 1547 1316 1601 cinerum
1328 1547 1486 1618 proximum

398 1637 439 1692 sic
451 1641 483 1692 vt
494 1654 559 1692 eum
571 1641 640 1692 tunc
653 1639 767 1706 peragat
779 1633 833 1689 sub
844 1652 917 1705 pena
928 1633 969 1705 liij
979 1652 993 1688 s
1005 1633 1073 1706 iiijd
1086 1635 1206 1706 (peregit
1218 1637 1317 1706 ωαψς.)

328 1725 498 1783 Conceditur
517 1745 554 1780 xx
574 1725 655 1781 lunii
675 1728 706 1779 vt
727 1741 819 1779 sermo
840 1724 876 1779 ed
897 1724 1033 1796 populum
1054 1723 1089 1780 ad
1112 1742 1197 1796 quem
1218 1729 1332 1780 tenetur
1353 1725 1487 1797 magister

398 1813 493 1869 Fuller
516 1814 625 1869 ratione
648 1811 752 1884 gradm
775 1812 820 1866 sui
842 1813 966 1884 suscepti
987 1813 1077 1884 possit
1097 1813 1203 1869 differri
1223 1814 1253 1868 in
1272 1831 1398 1869 mensem
1423 1817 1488 1885 post

398 1901 513 1956 comitia
529 1901 657 1973 proxima
669 1901 788 1972 (perefflt
799 1902 897 1973 mcrp.)

327 1989 498 2046 Conceditur
517 2008 554 2044 xv
575 1989 645 2044 Maii
669 1993 702 2043 vt
720 1988 764 2046 W.
786 1989 905 2044 Burvvell
926 2007 998 2044 snus
1017 1991 1242 2062 appreciatorum
1263 1996 1420 2045 vestrorum
1438 1990 1488 2061 qui

398 2077 448 2134 diu
471 2079 532 2134 sine
556 2078 670 2133 licentia
694 2083 788 2133 vestra
812 2078 841 2132 in
867 2077 1049 2149 praeiuditium
1074 2079 1282 2150 privilegiorum
1310 2096 1360 2150 per
1383 2078 1488 2150 regiam

399 2167 576 2222 maiestatem
600 2165 743 2222 academie
767 2166 942 2222 indultorum
966 2167 1155 2238 implacitavit
1179 2169 1208 2222 in
1232 2168 1375 2222 communi
1400 2166 1489 2223 banco

398 2257 444 2312 Jo.
469 2257 542 2311 Rust
566 2260 596 2310 et
614 2256 693 2310 Alex
720 2256 780 2327 Rey
800 2256 867 2311 ville
885 2256 1065 2327 Cerrtabrigie
1086 2255 1282 2312 aldermannus
1303 2257 1392 2328 possit
1413 2273 1489 2312 nunc

399 2344 472 2400 bona
495 2349 589 2399 vestra
611 2359 675 2397 cum
698 2343 780 2397 venia
803 2348 919 2415 propter
942 2343 1078 2399 humilem
1103 2344 1337 2416 supplicationem
1358 2362 1439 2400 suam
1458 2345 1487 2400 in

398 2433 476 2489 dicto
493 2433 581 2488 banco
598 2436 629 2487 et
644 2430 708 2486 aliis
726 2431 812 2487 curiis
827 2432 941 2488 domins
957 2433 1051 2503 regine
1065 2434 1199 2489 adversus
1215 2433 1327 2490 eosdem
1340 2435 1488 2506 procedere

399 2521 534 2593 quoniam
545 2521 606 2575 sine
618 2536 720 2591 magno
732 2537 783 2575 suo
795 2520 971 2575 incommodo
983 2526 1013 2576 st
1025 2521 1134 2577 iactura
1145 2540 1228 2578 came
1240 2539 1302 2578 eam
1314 2524 1350 2579 ad
1363 2528 1488 2579 vestrum

399 2610 572 2667 territorium
584 2609 718 2665 devocare
730 2627 786 2665 uon
799 2609 889 2681 possit

329 2699 500 2757 Conceditur
511 2717 547 2754 xx
559 2699 577 2754 J
578 2699 639 2754 unii
652 2704 684 2754 vt
696 2697 824 2770 magistri
836 2703 964 2770 regentes
976 2701 1086 2771 possint
1094 2700 1240 2773 disputare
1251 2719 1316 2757 oum
1328 2701 1374 2757 his
1385 2703 1488 2773 quibus

401 2788 505 2843 desunt
518 2788 712 2859 responsiones
724 2793 791 2843 ante
808 2787 936 2858 proxima
952 2788 1067 2844 comitia
1083 2787 1183 2844 diebus
1199 2807 1255 2845 uon
1269 2788 1489 2862 disputabilibus

402 2877 511 2949 siopus
522 2877 608 2932 fuerit

332 2961 502 3017 Conceditur
513 2961 610 3017 eodem
622 2966 655 3017 vt
670 2962 805 3033 magister
821 2961 1064 3018 vicecancellarius
1079 2962 1178 3018 doctor
1192 2963 1290 3036 Harvy
1302 2963 1409 3019 domini
1426 2981 1488 3036 pro·

401 3054 544 3106 curatores
567 3055 597 3105 et
615 3055 786 3106 scrutatores
803 3051 914 3122 possint
931 3056 1026 3107 vestra
1044 3051 1218 3106 authoritate
1238 3052 1358 3108 eximere
1381 3071 1398 3108 e
1418 3053 1490 3108 cista

401 3139 544 3195 communi
556 3140 651 3194 omnia
666 3157 699 3195 ea
715 3144 899 3195 monumenta
915 3157 970 3211 que
988 3140 1144 3195 necessaria
1159 3145 1228 3196 aunt
1243 3141 1279 3196 ad
1295 3140 1491 3198 distribuenda

402 3245 435 3282 ea
447 3228 476 3281 in
488 3226 593 3282 librum
605 3228 717 3299 nigrum
730 3227 837 3283 domini
849 3227 1067 3282 vicecancellarii

213 3306 234 3365 f·
252 3305 289 3366 67
300 3326 319 3364 8
332 3315 502 3372 Conceditur
513 3315 587 3387 xxvij
600 3316 679 3371 lunii
693 3320 726 3371 vt
739 3316 930 3372 ordinationes
946 3314 1030 3370 modo
1042 3315 1114 3370 lecte
1129 3316 1239 3386 possint
1255 3321 1349 3372 vostra
1366 3317 1490 3373 authori-

402 3409 464 3460 tate
474 3407 504 3460 et
515 3404 627 3460 decreto
639 3409 671 3459 vt
682 3408 793 3461 statuta
804 3404 953 3476 approbari

333 3492 502 3549 Conceditur
517 3492 614 3548 eodem
633 3497 665 3550 vt
682 3492 814 3549 dominus
832 3492 1076 3548 vicecancellarius
1093 3493 1222 3548 doctores
1239 3493 1327 3548 Perna
1344 3498 1374 3549 et
1392 3494 1491 3567 Harvy

403 3583 537 3654 magister
546 3583 683 3638 Beamout
691 3585 825 3655 magister
832 3583 939 3655 collegii
949 3584 1053 3638 Sancte
1060 3583 1210 3638 Trinitatis
1217 3585 1350 3653 magister
1357 3584 1491 3640 Hawiord

403 3671 544 3726 academie
567 3676 662 3726 orator
685 3676 715 3726 et
734 3670 842 3726 domini
861 3674 1056 3742 procuratores
1074 3671 1184 3741 possint
1205 3677 1300 3726 vestra
1318 3670 1491 3728 authoritate

403 3758 554 3814 transferre
577 3759 607 3812 in
632 3758 752 3813 latinum
777 3775 935 3813 sermonem
960 3757 1085 3829 predicta
1105 3762 1216 3812 statuta
1238 3763 1268 3813 et
1286 3757 1442 3814 describere
1461 3759 1491 3814 in

403 3846 507 3900 librum
520 3851 732 3917 procuratorum
749 3864 814 3900 oum
830 3845 946 3916 reliquis
962 3845 1080 3900 statutis
1097 3844 1182 3915 idque
1199 3845 1272 3900 inira
1289 3850 1403 3917 tempus
1419 3847 1491 3902 limi-

404 3940 497 3990 tatum
516 3936 546 3988 in
565 3939 675 3990 statuto
696 3939 783 4006 vtqus
803 3935 930 3989 executio
949 3934 1089 3989 dictorum
1108 3937 1281 3988 statutorum
1298 3933 1445 3990 differatur
1461 3935 1491 3990 in

403 4020 479 4076 diem
497 4021 656 4092 proximum
674 4025 741 4075 ante
758 4019 886 4091 proxima
903 4019 1018 4074 comitia

312 4143 315 4150 ›
334 4109 503 4165 Conceditur
513 4109 611 4164 eodem
623 4113 655 4164 vt
667 4125 759 4163 sermo
770 4107 806 4163 ad
821 4108 927 4164 olerum
938 4107 974 4163 ad
991 4124 1076 4180 quem
1092 4112 1208 4164 tenetur
1223 4109 1358 4179 magister
1376 4109 1404 4164 N
1405 4113 1491 4165 euton

404 4197 513 4252 ratione
533 4197 636 4268 gradus
656 4198 779 4268 suscepti
801 4197 892 4268 possit
911 4197 1016 4252 differri
1035 4197 1076 4251 ita
1096 4200 1192 4251 tamen
1217 4202 1249 4252 vt
1268 4196 1407 4252 habeatur
1424 4201 1491 4253 ante

335 4371 504 4428 Conceditur
516 4373 544 4426 ix
556 4373 573 4427 J
576 4373 625 4427 ulii
638 4379 670 4426 vt
682 4373 820 4428 terminus
833 4373 922 4444 possit
934 4373 1016 4427 bodie
1028 4371 1142 4428 dissolvi
1156 4391 1212 4427 uon
1224 4371 1356 4428 obstante
1369 4378 1480 4432 statuto
