3394 5114
782 354 895 404 saion
918 353 1011 402 soor
1033 354 1056 402 Δ
1331 338 1497 424 [1566-67

410 505 509 563 Franc.
522 504 628 579 'I’aylor
639 506 721 578 (Tri.)
792 506 921 577 Maniyld
1139 507 1298 582 Reynoldes

410 593 560 650 Ohawfont
793 595 844 650 Ed.
859 595 1018 668 Francklyn
1141 597 1303 653 Bourdman

412 682 543 738 Omswell
794 682 926 738 Ohurcbe
1139 684 1250 740 Holdeu

411 768 540 842 Northye
792 771 957 843 Jenkynson
1140 772 1263 830 Hollsnd

414 853 513 926 Hycke
792 855 894 912 Foster
1141 857 1301 931 Nytyngale

410 941 554 1013 Wylshaw
793 943 921 1015 Speygbt
1143 944 1245 1018 Poolye

412 1028 498 1085 Holte
793 1031 870 1086 Hare
1140 1033 1236 1104 Lynge

411 1119 497 1174 Kewe
791 1119 880 1176 Wuke
1138 1120 1257 1177 Skslton

411 1206 495 1262 Ooole

216 1380 236 1441 f.
255 1381 293 1440 88
308 1383 328 1441 b
339 1384 509 1440 Conceditur
527 1390 559 1440 14
574 1385 591 1440 J
593 1386 704 1442 anuarii
718 1390 750 1440 vt
768 1386 954 1456 questioniste
972 1386 1081 1457 possint
1096 1385 1263 1457 respondere
1274 1385 1418 1456 questioni
1430 1386 1496 1456 post

409 1472 514 1528 festum
526 1473 730 1544 purificationis
742 1490 799 1528 non
811 1472 943 1529 obstanm
955 1477 1065 1528 statuto

339 1560 511 1637 Conceditur
528 1565 561 1617 1³
580 1559 743 1616 Decembris
759 1565 791 1616 vt
808 1561 935 1631 magistri
952 1559 1068 1633 Gybson
1086 1566 1116 1617 et
1135 1560 1237 1633 Iaswyn
1254 1561 1313 1617 sint
1334 1565 1429 1616 vestra
1446 1577 1497 1616 au·

409 1650 546 1705 thoritate
558 1650 764 1706 examinatores
776 1650 1029 1720 questionistarum
1041 1649 1127 1704 buius
1138 1649 1206 1704 anni

339 1737 511 1793 Conceditur
524 1743 558 1794 14
569 1738 697 1793 Januarii
709 1742 742 1795 vt
753 1739 778 1793 si
790 1738 855 1810 quis
870 1737 1030 1794 subscribat
1043 1755 1145 1794 nomen
1161 1755 1245 1793 suum
1260 1738 1343 1794 alicui
1360 1738 1449 1809 gratie
1465 1739 1495 1793 in

410 1843 467 1896 qua
483 1826 578 1897 plures
595 1827 709 1881 termini
727 1831 913 1882 numerantur
931 1843 1018 1897 quam
1038 1827 1063 1881 is
1082 1827 1112 1881 in
1131 1826 1185 1881 hac
1205 1825 1349 1881 academia
1367 1843 1494 1881 consum·

409 1915 529 1970 maverit
541 1915 588 1970 ille
600 1917 649 1987 qui
662 1916 703 1970 sic
715 1932 817 1971 nomon
830 1914 1028 1987 subscripserit
1040 1915 1168 1986 privetur
1179 1931 1232 1970 sua
1243 1931 1310 1970 voce
1324 1932 1374 1985 per
1388 1931 1495 1970 annum

410 2007 440 2058 et
460 2003 614 2060 mulctetur
635 2003 671 2059 ad
692 2004 841 2060 arbitrium
860 2005 971 2068 ,domini
993 2003 1202 2076 procancellarii
1220 2008 1250 2060 et
1269 2003 1319 2058 hec
1336 2004 1428 2074 gratia
1445 2021 1496 2077 pro

409 2093 520 2145 statuto
532 2090 671 2146 habeatur

340 2177 510 2234 Conceditur
524 2181 557 2235 17
568 2179 698 2234 ianuarii
710 2183 743 2234 vt
754 2179 804 2251 qui
815 2179 940 2250 cooptari
954 2179 983 2233 in
995 2178 1123 2234 ordinem
1131 2178 1382 2249 questionistsrum
1392 2183 1495 2250 petunt

410 2271 440 2321 et
456 2265 581 2320 nondum
595 2266 795 2320 examinantur
805 2283 855 2337 per
866 2266 1071 2321 examinatores
1082 2265 1167 2320 huius
1179 2265 1247 2320 anni
1259 2269 1289 2321 et
1301 2265 1497 2320 examinentur

410 2359 439 2409 et
457 2371 507 2426 per
522 2371 619 2409 eorum
636 2353 769 2423 suffragia
785 2353 908 2409 dominis
924 2353 1138 2424 procancellario
1155 2358 1185 2410 et
1202 2353 1429 2424 procuratoribus
1445 2359 1497 2408 aut

409 2438 602 2511 approbentur
612 2445 664 2495 aut
675 2439 839 2511 reijciantur
851 2457 947 2495 eorum
960 2439 1132 2495 admissione
1144 2457 1199 2496 non
1212 2441 1345 2496 obstante

340 2527 511 2584 Conceditur
526 2526 625 2583 eodem
641 2527 756 2584 domino
772 2528 790 2583 J
792 2545 816 2583 o.
834 2528 925 2584 Oooko
944 2527 973 2582 in
990 2527 1134 2584 academia
1155 2527 1321 2584 Inveniensi
1340 2529 1370 2584 in
1386 2529 1497 2585 artibus

409 2613 594 2670 bechalaureo
616 2619 648 2670 vt
668 2614 708 2670 sit
727 2614 773 2669 hic
794 2615 870 2685 apud
891 2631 943 2670 nos
964 2614 994 2669 in
1015 2613 1130 2670 eiisdem
1152 2613 1240 2685 gradu
1258 2614 1355 2670 ordine
1373 2621 1403 2671 et
1420 2633 1496 2672 anno

410 2701 514 2774 quibus
526 2702 582 2758 fuit
598 2703 628 2757 in
644 2702 722 2758 dicta
737 2703 880 2758 acadcmia
897 2703 986 2758 sicvt
1002 2703 1081 2776 prius
1097 2702 1268 2775 approbetur
1283 2721 1334 2775 per
1349 2703 1495 2761 dominum

411 2790 659 2862 procanoeliarium
672 2794 702 2845 et
719 2790 862 2847 doctorem
877 2790 993 2846 Hutton
1026 2791 1145 2847 Oreatue
1157 2792 1243 2847 estin
1255 2791 1398 2848 academia
1410 2793 1497 2849 Iova-

411 2880 502 2936 niensi
522 2883 556 2935 13
574 2879 749 2951 Septembris
766 2896 840 2934 anno
858 2879 965 2934 domini
986 2883 1054 2936 1165
1076 2887 1109 2935 vt
1129 2884 1209 2952 patet
1230 2898 1281 2953 per
1299 2881 1395 2937 literas
1415 2881 1496 2937 testi-

411 2967 547 3023 moniales

341 3055 511 3112 Conceditur
524 3057 557 3110 16
569 3054 650 3109 Junii
662 3054 710 3109 W⁰
726 3053 849 3126 Bolynge
866 3059 898 3111 vt
915 3058 949 3111 13
965 3056 1080 3111 termini
1097 3057 1127 3112 in
1144 3055 1249 3129 quibus
1267 3062 1312 3112 etc
1328 3073 1393 3113 cum
1409 3075 1495 3130 oppo-

409 3142 561 3198 sitionibus
578 3147 624 3197 etc
639 3142 782 3198 sufficiant
794 3143 820 3197 ei
833 3142 869 3197 ad
881 3143 1108 3214 respondendum
1119 3143 1317 3216 questionisic
1328 3149 1361 3200 vt
1373 3145 1413 3200 sit
1424 3151 1492 3201 ectu

411 3230 613 3287 bachalaureus
624 3236 656 3286 et
666 3236 725 3287 stet
737 3231 767 3286 in
779 3232 908 3303 proxima
919 3231 1134 3304 quadragesima

768 3515 919 3604 Magistri
941 3516 1064 3582 artium

341 3673 512 3730 Conceditur
524 3676 557 3728 14
571 3672 668 3727 Martii
684 3671 799 3728 domino
815 3671 860 3727 Jo.
878 3672 988 3743 Kempe
1003 3675 1036 3727 vt
1053 3688 1153 3728 novem
1169 3672 1284 3727 ternini
1301 3676 1366 3743 post
1382 3671 1495 3727 finalem

411 3763 472 3819 eius
483 3761 746 3819 determinationem
759 3761 788 3814 in
801 3759 906 3832 quibus
918 3760 1053 3816 lectiones
1064 3759 1221 3816 ordinarias
1232 3760 1344 3816 audiuit
1357 3761 1423 3815 licet
1437 3778 1495 3817 non

411 3851 526 3907 omnino
537 3850 692 3906 secundum
705 3850 824 3905 formem
836 3849 940 3904 statuti
952 3866 1018 3904 cum
1030 3849 1255 3921 oppositionibus
1266 3850 1495 3921 responsionibus

411 3944 441 3996 et
452 3939 516 3995 aliis
527 3939 668 3994 exercitiis
680 3955 729 4010 per
740 3942 851 3994 statuta
863 3939 1008 4010 requisitis
1020 3939 1162 3994 sufficiant
1172 3939 1199 3994 ei
1212 3937 1248 3993 ad
1261 3938 1451 4010 incipiendum
1463 3939 1494 3994 iu

412 4025 522 4082 artibus

342 4115 448 4171 Eadem
466 4113 558 4185 gratia
579 4113 742 4169 conceditur
761 4114 858 4170 eodem
875 4114 901 4171 d.
921 4113 965 4170 W.
983 4114 1095 4169 Fenton
1108 4113 1188 4169 Alex.
1210 4114 1274 4186 Key
1292 4113 1336 4169 Jo
1359 4113 1494 4170 Soneio.

413 4199 520 4272 Maplet
539 4199 674 4255 Nicholeo
693 4198 832 4255 Chalenor
849 4199 935 4256 Abra
961 4199 1112 4255 Hartewell
1130 4201 1199 4256 Lan.
1220 4198 1414 4272 Washyngton
1435 4201 1493 4256 Ric.

411 4287 517 4342 Fauoct
537 4287 606 4341 Tho.
630 4286 720 4341 [each
745 4287 824 4343 Geor.
846 4287 919 4359 Joye
939 4273 1008 4342 Th'o.
1028 4286 1134 4342 Barber
1150 4287 1219 4342 Tho.
1239 4288 1418 4360 Syckelmore
1435 4288 1493 4344 Hu

412 4375 505 4448 Byllet
518 4375 602 4430 Micb.
615 4375 718 4432 Wande
730 4377 831 4448 Davyd
843 4375 913 4431 Yale
