3394 5114
344 305 407 368 258
777 314 889 365 aaron
911 315 1004 364 soon
1027 314 1051 364 Δ
1335 297 1501 384 [1571-72

203 475 224 538 f.
242 475 300 535 108
312 475 331 535 b
343 473 513 530 Conceditur
533 477 566 527 18
584 471 713 527 lanuarii
732 470 866 541 magistro
886 469 1026 525 Willelmo
1044 470 1188 528 Aahebold
1208 476 1240 527 vt
1260 472 1300 528 sit
1318 489 1392 527 mus
1412 489 1446 526 ex
1468 474 1502 525 12

413 560 635 634 predicatoribus
650 559 702 613 hoc
718 559 841 629 presenti
856 576 932 613 anno
948 576 998 630 per
1010 559 1183 616 academiam
1195 560 1359 616 emittendis
1373 565 1403 615 et
1418 576 1503 631 super

411 649 464 703 hac
476 653 569 703 vestra
580 645 758 702 concessione
770 643 868 700 literas
880 644 984 701 habeat
999 645 1136 717 sigillatas
1150 646 1242 718 sigillo
1254 651 1348 702 vestro
1359 645 1503 701 communi

342 736 448 793 Eadem
465 736 556 807 gratia
573 731 738 790 conceditur
756 737 790 787 25
808 731 937 789 lanuarii
956 734 1091 806 magistro
1108 733 1188 792 Alex.
1208 735 1358 806 Fitaiefray
1375 739 1405 789 et
1424 734 1501 805 Step.

414 825 551 882 Oardaell
571 841 648 880 sacre
667 821 806 893 theologie
824 821 1020 880 bacchulaurio
1064 828 1099 878 20
1117 824 1214 880 Martii
1236 825 1370 896 magistm
1388 822 1502 894 Hugcni

415 914 501 986 Blyth
545 915 579 972 27
599 911 696 967 Martii
714 910 849 981 magistro
866 911 990 966 Johanni
1010 911 1147 967 Handson
1166 931 1203 970 se.
1245 917 1261 968 4
1279 911 1350 968 Julii
1368 911 1503 983 magistro

414 1002 649 1074 Whayshyngton

344 1090 514 1148 Conceditur
526 1093 560 1146 26
572 1089 591 1144 J
592 1087 701 1144 anuarii
714 1093 746 1142 vt
757 1086 921 1142 reformacio
933 1087 1146 1159 composicionis
1158 1088 1233 1144 inter
1244 1107 1295 1144 nos
1307 1093 1336 1144 et
1348 1087 1503 1160 oppidanos

415 1179 490 1234 lacta
504 1196 589 1250 super
605 1176 772 1249 purgacionc
788 1175 945 1246 platearum
957 1180 1002 1230 etc
1017 1176 1074 1231 iam
1090 1175 1170 1231 finite
1181 1177 1377 1232 committatur
1388 1175 1502 1231 dominc

415 1265 631 1339 prooancellsrio
647 1263 810 1320 doctoribus
827 1262 959 1318 Hawlord
974 1263 1133 1336 Whitgyfte
1150 1265 1264 1337 Harvye
1281 1265 1376 1337 Byngc
1392 1263 1502 1319 duobus

414 1353 642 1426 procuratoribus
658 1351 801 1424 magistris
813 1350 959 1422 Sheppard
971 1356 1001 1407 et
1014 1351 1093 1408 Goad
1104 1358 1191 1424 atque
1203 1358 1236 1407 vt
1252 1351 1374 1408 habeant
1389 1352 1501 1423 plenam

414 1441 611 1497 auctoritatem
634 1444 756 1495 vestram
778 1437 908 1494 mutendi
932 1439 1070 1495 alterandi
1092 1440 1247 1512 corrigendi
1268 1439 1388 1497 addendi
1409 1438 1500 1495 detra·

414 1528 499 1584 hendi
514 1526 752 1598 quemadmodum
767 1526 827 1582 suis
843 1525 952 1581 inditiis
968 1528 1267 1584 convenientissimum
1286 1529 1344 1584 fora
1360 1526 1502 1582 videbitur

414 1617 461 1672 Sic
479 1620 512 1670 vt
532 1614 607 1687 quod
632 1614 722 1669 maior
742 1631 808 1686 pars
832 1632 928 1670 eorum
948 1615 1103 1672 decreverit
1128 1621 1221 1673 vestra
1244 1617 1414 1672 auctoritate
1437 1633 1500 1670 con·

415 1705 543 1760 firmetur
553 1719 587 1758 ae
598 1701 760 1757 stabiliatur
773 1701 856 1758 modo
867 1702 945 1773 regni
962 1701 1071 1774 legibus
1083 1722 1116 1760 ac
1127 1705 1269 1761 academie
1281 1704 1432 1777 privilegiis
1444 1721 1500 1758 non

414 1790 602 1846 contrarietur
612 1792 643 1844 et
658 1788 750 1860 sigillo
762 1793 857 1844 vestro
869 1790 1012 1844 communi
1029 1790 1168 1862 sigilletur
1181 1793 1221 1848 sic
1234 1798 1266 1848 vt
1279 1810 1426 1864 expressus
1437 1809 1501 1846 eon·

414 1897 514 1936 sensus
525 1877 702 1934 dominorum
715 1879 923 1950 prooancellarii
936 1883 965 1933 et
976 1884 1188 1951 procuratorum
1201 1881 1345 1954 premissis
1356 1879 1478 1936 addatur

344 1967 542 2025 Concedituril
557 1965 701 2022 Februarii
715 1970 746 2020 vt
759 1971 885 2038 tempore
897 1967 1000 2022 oratori
1017 1986 1067 2040 per
1081 1972 1192 2024 statuta
1208 1970 1338 2042 prefinito
1354 1971 1384 2025 in
1400 1987 1502 2040 magna

414 2055 560 2111 vacatione
583 2054 641 2109 fere
664 2053 759 2125 elapso
783 2058 842 2108 tres
864 2052 900 2109 de
925 2055 1033 2126 integro
1057 2073 1168 2112 menses
1190 2057 1300 2112 vicibus
1326 2057 1502 2129 interpolatis

415 2145 585 2199 auctoritate
605 2147 700 2198 vestra
719 2141 862 2198 addantur
881 2144 922 2198 sio
943 2149 1038 2200 tamen
1061 2153 1092 2200 vt
1115 2145 1140 2200 si
1164 2146 1277 2216 quando
1299 2146 1336 2202 ab
1360 2145 1502 2202 academia

414 2230 537 2286 abfuerit
565 2228 697 2285 idoneum
720 2229 843 2300 aliquem
864 2229 1021 2287 substituat
1046 2231 1147 2288 iuditio
1171 2233 1378 2304 procancellarii
1403 2251 1501 2306 appro-

416 2318 541 2375 bandum

348 2409 441 2464 Primo
465 2407 572 2479 Aprilis
625 2423 690 2478 may
715 2406 739 2461 it
767 2406 860 2477 plesse
883 2425 945 2478 yow
968 2409 998 2479 yl
1021 2417 1062 2462 mr
1084 2407 1115 2462 dr
1139 2408 1254 2481 Hurvye
1277 2409 1308 2464 dr
1332 2408 1416 2464 Ithell
1445 2408 1501 2464 and

417 2505 457 2550 mr
475 2495 647 2566 Bridgwater
664 2512 730 2567 may
748 2493 782 2550 be
799 2495 818 2550 J
820 2494 907 2566 udges
923 2495 1049 2568 delegate
1067 2496 1096 2552 in
1114 2497 1164 2553 tha
1181 2516 1264 2554 cause
1282 2499 1314 2554 of
1329 2498 1501 2571 appellacion

416 2586 448 2641 of
463 2594 503 2640 mr
521 2584 650 2657 Fynoclre

347 2671 517 2728 Conceditur
537 2674 571 2728 27
592 2671 672 2726 Junii
694 2674 726 2725 vt
749 2671 884 2742 magister
905 2672 1000 2744 Rugge
1023 2674 1091 2744 quia
1113 2692 1164 2746 per
1187 2675 1300 2745 negocia
1322 2675 1502 2747 parliamenti

418 2761 552 2833 proximis
573 2760 695 2815 comitiis
716 2777 773 2814 non
793 2766 889 2832 potest
909 2761 1044 2817 interesse
1065 2763 1155 2834 possit
1175 2762 1273 2818 abesse
1293 2765 1353 2819 sine
1374 2764 1430 2819 vllo
1450 2783 1502 2821 suo

417 2848 568 2922 preiuditio
588 2855 619 2905 et
642 2867 704 2904 eam
727 2849 849 2905 retineat
869 2851 1061 2907 senioritatem
1083 2870 1168 2923 quam
1192 2857 1274 2924 pater
1294 2852 1448 2924 assignabit
1472 2854 1501 2909 in

422 2939 557 3012 proximis
575 2939 697 2994 comitiis
714 2939 744 2994 in
762 2946 901 3010 quantum
921 2942 1038 2996 statutis
1056 2941 1138 3012 regiis
1156 2959 1212 2996 non
1230 2941 1396 2997 adversatur

348 3028 518 3084 Conceditur
538 3034 554 3083 4
575 3027 646 3084 Julii
666 3028 800 3100 magistro
820 3028 915 3084 Ireton
935 3029 1058 3085 admisso
1077 3030 1113 3084 ad
1132 3030 1322 3102 incipiendum
1345 3031 1374 3085 in
1394 3030 1502 3086 artibus

418 3124 448 3172 et
465 3122 580 3188 propter
598 3134 728 3188 magnam
746 3115 933 3189 egritudinem
949 3135 967 3172 a
982 3119 1104 3174 comitiis
1122 3118 1232 3173 absenti
1246 3123 1279 3174 vt
1293 3118 1353 3174 eius
1368 3117 1502 3175 admissio

418 3210 476 3260 stet
495 3205 521 3261 ei
542 3222 593 3277 pro
612 3205 752 3261 creatione
769 3211 800 3262 et
817 3223 880 3261 cam
899 3207 1021 3262 retineat
1040 3207 1234 3262 senioritatem
1253 3223 1338 3277 quam
1360 3212 1441 3278 pater
1461 3207 1502 3262 illi

418 3293 573 3364 assignavit

346 3380 516 3438 Conceditur
534 3386 551 3436 4
568 3381 639 3437 Julii
656 3380 772 3437 domino
791 3382 922 3438 Michaeli
945 3383 1058 3439 Haidon
1076 3383 1212 3454 superiori
1234 3400 1308 3437 anno
1325 3382 1448 3438 admisso
1465 3384 1501 3440 ad

416 3467 608 3540 incipiendum
629 3469 659 3524 in
677 3468 787 3524 artibus
805 3474 835 3524 et
853 3475 968 3542 propter
987 3487 1119 3541 magnam
1138 3469 1325 3542 egritudinem
1346 3488 1363 3525 a
1380 3471 1502 3527 comitiis

418 3557 528 3613 absenti
540 3561 572 3612 vt
583 3557 644 3612 eius
659 3557 793 3614 admissio
805 3563 863 3614 stet
873 3560 899 3615 ei
916 3577 967 3632 pro
978 3559 1120 3615 creatione
1131 3565 1161 3614 et
1172 3577 1235 3615 eam
1251 3559 1372 3615 retineat
1387 3560 1501 3617 seniori·

419 3649 508 3700 tatem
520 3662 606 3716 quam
619 3651 699 3717 petar
711 3650 780 3701 tunc
792 3645 832 3702 illi
845 3647 998 3719 assignavit
