3408 5116
790 358 904 408 cason
926 359 1019 408 soon
1042 360 1065 407 n
1345 345 1518 428 [1581-82

631 779 753 844 Gratiae
777 801 839 844 non
863 786 1094 844 concernentes
1116 779 1238 864 gradus

355 973 525 1028 Conceditur
545 977 581 1028 30
599 973 729 1027 Octobris
750 977 781 1028 vt
800 973 933 1044 magister
953 974 1021 1030 Tho.
1044 974 1108 1029 Dixi
1129 975 1167 1029 sit
1187 993 1261 1030 vnus
1280 993 1313 1029 er
1336 980 1369 1030 12
1389 975 1516 1046 predica·

427 1062 535 1117 toribus
557 1063 610 1117 hoc
631 1063 754 1132 presenti
776 1080 851 1117 anno
871 1080 922 1134 per
941 1061 1114 1117 academiam
1135 1063 1300 1119 emittendis
1319 1065 1360 1118 sic
1379 1069 1412 1118 vt
1430 1082 1518 1135 super

427 1149 480 1204 hac
501 1153 595 1205 vestra
615 1150 792 1206 concessione
812 1151 909 1205 literas
931 1150 1034 1206 habeat
1055 1151 1192 1222 sigillatas
1213 1153 1303 1223 sigillo
1325 1157 1419 1208 vestro
1439 1170 1515 1206 com·

428 1256 508 1293 mum

357 1327 462 1382 Eadem
487 1328 578 1399 gratia
598 1327 760 1384 conceditur
784 1333 818 1384 23
840 1329 970 1384 Octobris
991 1329 1071 1384 Alex.
1094 1329 1259 1385 Sowthacke
1278 1348 1356 1386 sacre
1377 1329 1517 1400 theologie

428 1415 627 1470 bacchalaureo
676 1421 706 1471 ll
733 1417 803 1471 Maii
828 1416 968 1472 Willelmo
999 1417 1167 1473 Pemberton
1192 1417 1222 1472 in
1247 1417 1357 1473 artibus
1380 1417 1516 1487 magistro

429 1507 462 1558 18
480 1503 560 1559 Juuii
578 1504 626 1559 W⁰
644 1503 790 1560 Whittoffe
808 1505 838 1560 in
856 1505 966 1561 artibus
985 1506 1119 1576 magistro
1163 1510 1197 1561 23
1215 1505 1295 1562 Junii
1312 1506 1387 1562 And.
1406 1505 1516 1560 Amold

355 1601 360 1610 '
427 1610 505 1648 sacre
524 1592 662 1664 theologie
680 1593 881 1650 bacchalaureo
924 1597 958 1652 27
977 1594 1056 1649 Junii
1074 1594 1123 1649 W⁰
1142 1595 1261 1666 Hynton
1280 1612 1358 1650 sacre
1376 1593 1516 1663 theologie

429 1681 627 1736 bacchalaureo
663 1685 697 1736 28
715 1682 796 1739 Junii
815 1683 900 1738 Anto.
921 1682 1043 1755 Hyggyn
1063 1701 1140 1738 sacre
1160 1683 1297 1754 theologie
1316 1681 1517 1738 bacchalameo

427 1775 457 1826 4⁰
468 1771 486 1826 J
488 1770 538 1826 ulii
550 1769 618 1827 Abr.
632 1771 754 1826 Conams
770 1789 847 1826 sacre
864 1771 1002 1842 theologie
1017 1770 1218 1826 baechalaureo
1233 1775 1263 1826 et
1280 1771 1376 1826 F'rana
1391 1769 1467 1825 Snell
1483 1769 1516 1825 in

427 1859 537 1914 artibus
552 1859 686 1929 magistro

357 1945 527 2001 Conceditur
547 1950 582 2001 23
600 1944 730 2001 Octobris
748 1951 780 2002 vt
799 1947 933 2016 magister
950 1946 1022 2002 Gold
1046 1945 1139 2002 Pemb.
1159 1946 1290 2018 suppleat
1308 1921 1383 2001 vices
1403 1945 1518 2001 lectoris

427 2029 578 2085 rethoricos
599 2047 649 2101 pro
669 2030 723 2084 hoc
743 2047 818 2084 anno
839 2030 968 2100 sequenti
1015 2030 1118 2085 liodem
1143 2029 1305 2085 conceditur
1325 2034 1358 2084 vt
1381 2031 1518 2101 magister

428 2118 537 2174 Holden
553 2118 649 2189 junior
666 2118 797 2190 suppleat
815 2118 890 2173 vices
908 2118 1020 2174 lectoris
1039 2119 1215 2191 philosophie
1232 2123 1262 2175 et
1281 2119 1413 2190 magister
1431 2118 1516 2174 Hood

427 2207 557 2279 suppleat
575 2208 650 2262 vices
667 2207 779 2262 lectoris
797 2207 997 2262 mathematice

356 2297 526 2353 Conceditur
547 2298 581 2351 27
600 2294 729 2350 Octobris
747 2302 779 2350 vt
798 2295 931 2366 magister
948 2294 1055 2368 [blank]
1077 2296 1214 2366 Brograve
1235 2293 1417 2366 jurisperitus
1435 2294 1475 2350 sit
1496 2314 1515 2350 a

427 2383 550 2438 consiliis
571 2383 672 2437 vestris
697 2383 725 2437 in
751 2381 849 2438 litibus
873 2387 903 2436 et
926 2382 1018 2436 causis
1042 2382 1184 2437 academie
1208 2383 1389 2454 procurandis
1413 2386 1443 2437 et
1463 2401 1516 2454 pro

427 2471 520 2526 labore
536 2475 566 2526 et
582 2471 698 2526 consilio
714 2471 770 2524 iam
788 2471 915 2541 impenso
931 2474 960 2524 et
976 2470 1005 2523 in
1023 2475 1166 2540 postemm
1184 2470 1370 2542 impendendo
1385 2471 1416 2525 in
1432 2487 1515 2542 nego·

427 2561 477 2614 ciis
498 2560 599 2614 restris
618 2559 767 2614 annuatim
787 2558 904 2629 recipiat
924 2575 958 2612 ex
977 2556 1066 2612 erario
1085 2557 1198 2629 publico
1217 2559 1267 2613 xls
1286 2559 1382 2629 legalis
1402 2565 1516 2614 monete

427 2649 529 2719 Anglie
544 2647 581 2703 ad
599 2649 671 2703 festa
689 2647 785 2702 Sancti
805 2646 950 2701 Michaelis
966 2646 1124 2717 archangeli
1142 2651 1171 2702 et
1189 2647 1414 2703 annuntiationis
1431 2648 1516 2702 beato

428 2737 517 2792 Maris
538 2735 654 2806 virginis
677 2753 727 2806 per
748 2733 861 2805 equales
881 2733 1025 2804 porciones
1046 2733 1193 2788 solvendos
1214 2752 1264 2806 per
1284 2735 1429 2790 dominum
1450 2752 1515 2806 pro·

427 2823 622 2880 cancellarium
646 2840 695 2894 pro
717 2827 843 2893 tempore
862 2821 1029 2876 existentem
1055 2821 1190 2892 quamdiu
1214 2823 1375 2879 huiusmodi
1398 2841 1516 2879 munere

426 2920 456 2969 et
479 2911 560 2968 feodo
584 2910 703 2983 gaudere
724 2910 814 2981 possit
835 2927 885 2980 per
905 2909 1137 2964 consuetudinem
1158 2910 1243 2964 huius
1263 2911 1340 2980 regni
1363 2910 1464 2980 Anglie
1485 2917 1517 2966 et

425 3021 509 3076 super
529 3002 582 3057 hac
601 3005 695 3055 vestra
716 2999 892 3054 concessione
913 2997 1009 3052 literas
1030 2995 1134 3052 habeat
1154 2997 1291 3068 sigillatas
1310 2999 1401 3070 sigillo
1420 3004 1516 3055 vestro

425 3109 567 3150 commum

355 3183 466 3238 Eadem
479 3180 570 3251 gratia
587 3177 750 3234 conceditur
767 3175 864 3231 eodem
883 3175 1017 3246 magistro
1036 3174 1207 3230 Christolero
1226 3175 1376 3230 Yelvertcn

355 3269 525 3327 Conceditur
541 3269 574 3324 27
590 3265 718 3321 Januarii
735 3281 800 3319 curn
816 3262 876 3318 dies
893 3263 927 3317 nd
946 3262 1167 3334 philosophicam
1185 3262 1408 3332 disputaciouem
1425 3264 1515 3335 assig-

425 3357 486 3413 nati
506 3373 563 3410 non
583 3355 728 3410 sufficiunt
748 3351 904 3422 incepturis
923 3351 952 3405 in
972 3348 1081 3405 artibus
1103 3350 1155 3405 hoc
1176 3369 1250 3405 anno
1270 3350 1362 3422 placet
1381 3352 1461 3407 vobis
1480 3359 1515 3409 vt

424 3442 586 3502 huiusmodi
605 3441 814 3512 disputaciones
834 3439 905 3493 liant
923 3436 1023 3492 diebus
1040 3437 1159 3492 Veneris
1177 3443 1207 3492 et
1226 3438 1342 3492 Saturni
1361 3440 1389 3493 in
1408 3439 1515 3496 scholis

424 3530 600 3606 philosophie
616 3548 633 3585 a
649 3546 723 3584 none
739 3527 775 3582 ad
790 3526 966 3582 vndecimam
983 3531 1013 3582 et
1029 3526 1116 3581 etiam
1131 3526 1258 3597 quolibet
1274 3527 1319 3582 die
1335 3529 1459 3599 profesto
1475 3529 1514 3585 ab

426 3624 494 3678 hora
519 3619 610 3692 prima
636 3615 828 3689 pomeridiana
850 3615 888 3670 ad
914 3614 1028 3670 tertiam
1053 3614 1082 3669 in
1107 3615 1202 3670 schola
1225 3615 1385 3672 dialectices
1408 3622 1437 3673 et
1465 3618 1514 3674 ille

425 3708 633 3782 disputaciones
657 3723 709 3776 pro
733 3703 868 3774 legitimis
893 3702 1050 3758 habeantur
1076 3703 1158 3758 modo
1183 3703 1258 3759 adsit
1284 3705 1356 3761 alter
1381 3723 1515 3777 procura-

425 3804 518 3854 torum
543 3801 572 3851 et
592 3811 665 3849 vnus
696 3791 864 3847 bedellorum
897 3795 926 3844 et
953 3791 1114 3861 questiones
1137 3807 1234 3847 eorum
1259 3792 1349 3848 indies
1372 3793 1513 3850 scolarum

425 3886 514 3942 valvis
532 3884 682 3954 affigantur
699 3881 767 3934 hora
786 3883 885 3934 octava
903 3877 1125 3933 antemeridiana
1142 3878 1267 3934 eiusdem
1285 3880 1341 3935 diei

355 3973 525 4033 Conceditur
537 3977 570 4027 27
583 3969 713 4027 ianuarii
726 3973 757 4022 vt
769 3967 903 4037 magister
915 3965 958 4020 W.
972 3965 1063 4020 Bland
1079 3965 1183 4020 habeat
1198 3966 1295 4022 literas
1309 3969 1515 4028 testimoniales

425 4063 527 4135 gradus
540 4066 569 4114 et
582 4055 800 4114 conversationis
812 4071 862 4108 sue
874 4053 1011 4124 sigillatas
1023 4053 1114 4124 sigillo
1123 4058 1216 4108 vestro
1229 4056 1371 4110 communi
1403 4057 1513 4114 Eadem

424 4151 515 4224 gratia
535 4146 697 4203 conceditur
717 4142 815 4198 eodem
837 4142 971 4211 magistro
992 4143 1099 4196 Arturo
1119 4141 1268 4212 Wylliams
1310 4147 1346 4198 20
1366 4143 1514 4202 Februarii

424 4238 559 4308 magistro
570 4235 613 4290 Jo.
628 4233 739 4287 Waters
775 4234 804 4284 3⁰
816 4228 923 4300 Aprilis
936 4228 1070 4298 magistro
1083 4227 1180 4283 Franc.
1195 4227 1362 4300 Browghton
1399 4237 1428 4286 4⁰
1435 4227 1514 4290 'Julii

424 4325 559 4395 magistro
575 4321 651 4377 Edw.
664 4319 811 4389 Chapman
827 4323 856 4371 et
874 4317 920 4371 bJ
923 4316 973 4371 ulii
990 4317 1124 4389 magistro
1141 4317 1277 4373 Nicholao
1294 4318 1393 4376 Foster
1405 4315 1515 4394 (Regis)

424 4410 533 4470 stanti
549 4408 641 4464 David
658 4405 794 4462 Robertes
