3344 5110
187 367 347 452 1547-48]
618 383 732 432 nasos
753 384 847 431 noos
871 384 893 432 n

583 705 730 791 Magistri
755 705 787 768 in
813 705 940 770 artibus

183 890 218 945 In
236 891 335 962 primis
352 891 515 946 comeditur
532 890 647 947 domino
666 891 819 963 Nevynson
838 898 870 946 vt
887 909 988 947 novem
1006 893 1120 947 termini
1140 897 1206 964 post
1226 892 1338 948 finalem

252 979 314 1033 eius
329 978 591 1034 determinationem
609 980 639 1034 in
651 977 755 1050 quibus
767 978 901 1034 leetiones
912 978 1068 1034 ordinarias
1079 979 1192 1035 audiuit
1203 979 1269 1035 lieet
1282 996 1337 1034 non

253 1063 368 1119 omnino
380 1065 533 1120 seeundum
545 1065 665 1120 sormam
674 1065 776 1120 statuti
787 1082 850 1119 cunr
861 1063 953 1120 tribus
962 1066 1189 1136 responsionibus
1198 1066 1339 1120 sufficiant

253 1151 279 1205 ei
291 1150 327 1206 ed
340 1150 530 1222 incipiendum
544 1152 573 1206 in
586 1149 695 1207 artibus

183 1235 290 1290 Eodem
301 1235 393 1306 gratie
403 1235 439 1290 de
451 1235 537 1290 verbo
549 1237 579 1290 in
591 1235 709 1291 verbum
720 1235 884 1291 conceditur
894 1235 1010 1292 domino
1022 1237 1106 1292 Frere

184 1322 259 1378 Item
277 1323 440 1378 oonooditur
459 1323 574 1378 domino
595 1323 679 1378 Oetes
703 1323 809 1378 artium
834 1323 1033 1380 beochelsureo
1052 1323 1169 1380 Oxoniis
1188 1329 1220 1380 vt
1240 1341 1339 1379 novem

254 1410 368 1465 termini
393 1415 457 1481 post
481 1411 593 1466 finalem
622 1411 683 1465 eius
707 1410 994 1486 [determinationem]
1020 1413 1050 1466 in
1074 1410 1179 1484 quibus
1206 1411 1340 1466 lectiones

254 1497 410 1554 ordinaries
425 1499 537 1555 audiuit
552 1499 658 1554 ibidem
675 1517 739 1555 oum
752 1499 844 1556 tribue
860 1498 1088 1573 responsionibus
1103 1500 1245 1556 sufficient
1260 1500 1287 1555 ei
1303 1498 1339 1554 ad

255 1585 446 1657 incipiendum
459 1587 488 1641 in
500 1585 611 1642 artibus

183 1673 258 1730 Item
277 1673 440 1730 oonooditur
460 1674 574 1730 domino
592 1674 737 1748 Goidynge
754 1679 787 1730 vt
804 1693 905 1732 novem
922 1676 1037 1730 termini
1059 1680 1124 1747 post
1145 1675 1256 1730 finalem
1278 1675 1339 1730 eius

253 1761 516 1817 determinationem
542 1762 570 1816 in
594 1761 699 1833 quibus
722 1762 855 1817 lectiones
879 1762 1035 1818 ordinarias
1057 1763 1170 1818 audiuit
1192 1763 1259 1818 lieet
1282 1779 1339 1816 non

254 1849 369 1904 omuino
386 1849 541 1905 seeundum
559 1849 678 1906 formem
696 1851 799 1905 stetuti
820 1868 885 1906 enm
906 1849 1000 1906 tribus
1018 1850 1246 1923 responsionibus
1263 1850 1339 1906 suffi-

253 1939 331 1994 ciant
341 1938 367 1994 ei
378 1938 415 1993 ed
427 1938 619 2010 incipiendum
632 1939 661 1994 in
673 1938 784 1994 ortibus

184 2024 290 2082 Eedem
301 2025 392 2096 gretia
403 2025 439 2080 de
451 2024 535 2080 verbo
547 2026 577 2081 in
590 2025 708 2082 verbum
719 2024 882 2081 oonooditur
893 2025 1008 2082 domino
1020 2027 1104 2082 Gerre
1188 2047 1192 2052 ⁴

184 2113 258 2168 Item
270 2111 432 2168 oonooditur
444 2112 558 2167 domiuo
568 2111 636 2167 leet
649 2117 680 2168 vt
692 2130 792 2167 norem
806 2113 919 2168 termini
932 2113 1063 2185 completi
1077 2120 1141 2184 post
1154 2113 1266 2168 finalem
1279 2113 1340 2168 eius

254 2199 518 2256 determinationem
530 2200 561 2255 in
578 2199 682 2272 quibus
697 2201 831 2256 lectiones
848 2199 1003 2256 ordinarias
1016 2200 1127 2256 audiuit
1141 2218 1191 2272 por
1207 2200 1340 2256 maiorem

254 2295 365 2362 portem
381 2289 411 2344 in
426 2296 488 2345 toto
504 2307 569 2346 enm
585 2288 814 2362 responsionibus
829 2289 974 2361 requisitis
990 2290 1131 2345 sufficiant
1147 2289 1173 2345 ei
1189 2289 1226 2344 ed
1242 2289 1341 2361 incipi-

256 2377 359 2433 endum
372 2378 402 2432 in
414 2377 525 2433 artibus

185 2467 292 2523 Esdem
301 2467 396 2538 grstia
407 2467 443 2522 de
456 2467 540 2523 verbo
552 2467 581 2522 in
597 2466 713 2523 verbum
731 2466 894 2523 eonoeditur
909 2465 1031 2521 dominis
1048 2466 1150 2538 Teylor
1166 2466 1293 2522 Thexton
1313 2470 1342 2520 et

257 2554 385 2611 Irelende

185 2645 250 2700 Vna
270 2661 335 2700 cum
356 2643 547 2715 inoeptoribus
568 2644 652 2700 istius
671 2645 737 2699 anni
759 2645 925 2715 inoeperunt
945 2643 1030 2699 simul
1050 2643 1086 2698 de
1109 2644 1223 2716 eollegio
1246 2641 1341 2714 Regali

255 2731 362 2787 domini
375 2731 463 2786 Ooren
477 2730 569 2802 bodge
583 2731 655 2801 Pege
668 2731 804 2786 Emerson
816 2737 846 2785 et
859 2731 950 2787 Bsker

186 2821 260 2876 Item
278 2819 442 2875 oonoeditur
457 2817 571 2874 domino
588 2818 647 2873 Dee
663 2824 694 2873 vt
710 2835 758 2873 sex
773 2819 887 2873 termini
900 2823 964 2890 post
976 2819 1087 2874 finalem
1100 2819 1161 2874 eius
1171 2818 1340 2874 determine·

256 2907 361 2963 tionem
374 2907 403 2961 in
416 2905 520 2978 quibus
532 2906 666 2961 lectiones
678 2905 834 2961 ordinarias
847 2906 959 2961 audiuit
971 2923 1021 2978 por
1033 2906 1168 2961 maiorem
1184 2911 1294 2978 portem
1310 2904 1340 2959 in

209 3035 212 3041 -
256 3000 318 3050 toto
329 3013 394 3050 enm
403 2993 496 3050 tribus
506 2993 733 3066 responsionibus
745 2994 888 3049 sufficiant
899 2993 925 3049 ei
937 2993 974 3049 ad
986 2993 1177 3064 incipiendum
1189 2994 1219 3049 in
1231 2993 1342 3048 artibus

257 3085 303 3139 Sio
321 3088 353 3138 rt
369 3083 430 3138 eius
446 3082 580 3138 admissio
595 3087 654 3136 stet
669 3099 721 3153 pro
735 3082 883 3154 eompletis
898 3081 985 3152 gradu
1002 3085 1032 3136 et
1044 3082 1133 3136 forme
1144 3080 1205 3136 sine
1217 3081 1341 3136 vlteriori

256 3170 421 3227 mutacione
433 3174 464 3226 et
475 3188 531 3226 non
544 3170 626 3225 sitin
638 3169 823 3241 preiuditium
835 3169 963 3240 magistri
978 3170 1130 3241 Nevynson

448 3479 615 3545 Numerus
638 3479 839 3566 Regentium
863 3477 958 3542 istius
980 3477 1058 3542 enni

248 4432 258 4466 ¹
275 4429 360 4482 These
371 4443 463 4480 nemos
474 4443 517 4481 ere
528 4427 630 4480 written
642 4427 767 4492 sideweys
778 4427 857 4491 elong
868 4426 915 4479 the
925 4425 1026 4478 bottom
1037 4425 1100 4489 edge
1111 4425 1139 4476 oi
1149 4423 1194 4475 the
1204 4439 1277 4488 pege.

1183 4535 1261 4592 4-2
