3378 5116
208 311 374 396 1562-63]
641 332 755 381 onnon
778 335 871 382 noos
893 335 916 382 Δ

558 685 647 750 Ordo
669 683 868 750 senior-itatis
891 689 911 752 6
934 686 1016 752 Julii

319 851 552 924 MrWylkynson
704 855 856 912 Mscbabce
1006 858 1146 930 Valenger

379 938 524 1011 Stanbope
705 943 834 998 Asheton
1008 945 1125 1016 Dskyns

381 1026 509 1098 Dsrynge
705 1030 802 1084 Moore
1009 1033 1100 1088 Becke

380 1113 490 1170 Palmer
707 1117 843 1172 Robertes
1009 1120 1133 1192 Bucidey

379 1203 486 1274 Hayles
705 1206 869 1278 Wytbipole
1007 1207 1108 1280 Collyn

379 1289 479 1362 Kynge
706 1293 900 1365 Bredgerrater
1006 1296 1125 1369 Smythe

377 1379 504 1434 Tonstall
705 1381 832 1436 Johnson
1008 1383 1156 1438 Simondcs
1168 1383 1299 1458 [symon]

377 1469 478 1522 Sertcn
705 1471 814 1525 Nortcn
1007 1472 1129 1528 Richard

376 1555 394 1610 J
396 1573 420 1610 a
434 1555 527 1611 Ooolre
540 1557 621 1626 (Tri.)
704 1558 794 1612 Fulke
1007 1559 1106 1614 Foster

376 1645 471 1700 Power
702 1645 809 1702 Webbe
1006 1648 1130 1703 Holland

701 1733 801 1788 Trotte
1005 1736 1104 1792 Oarter

702 1821 847 1876 Castelton
1004 1823 1154 1878 Stockdale

703 1909 800 1965 Bonde
1005 1911 1125 1984 Copleye

702 1999 839 2055 Matthew
1003 2000 1102 2072 Wigbt

702 2085 817 2158 Cipriau
831 2087 956 2160 [Valera]

197 2244 280 2299 Mem.
300 2243 375 2314 quod
396 2242 528 2298 dominus
551 2243 653 2298 Holme
675 2262 730 2298 non
753 2245 883 2300 interfuit
902 2246 1025 2300 comitiis
1044 2251 1247 2317 preoccupatus
1265 2253 1356 2302 morte

267 2331 342 2403 apud
361 2331 503 2388 Stamiord

555 2648 741 2714 Praeticans
764 2649 797 2713 in
821 2649 985 2732 chirurgia

195 2817 366 2873 Conceditur
388 2821 421 2871 14
444 2817 514 2870 Nor.
539 2819 605 2870 1561
633 2815 780 2870 Francisco
805 2816 946 2872 Ederman
968 2825 1000 2871 vt
1024 2817 1152 2872 studium
1176 2821 1206 2871 et
1230 2819 1354 2888 practica

266 2924 433 2962 xannorum
449 2906 479 2960 in
496 2906 637 2975 chirurgia
653 2905 775 2960 sufficiat
792 2907 817 2961 ei
834 2904 870 2960 ed
887 2907 1100 2977 practicandum
1115 2907 1143 2960 in
1157 2906 1254 2962 cadem
1267 2908 1352 2962 iacul-

264 3001 324 3051 tote
348 3000 462 3051 tantum
482 2994 523 3048 sic
542 2999 575 3048 vt
596 2995 657 3049 eius
680 2995 802 3064 cognitio
826 2994 998 3066 approbetur
1021 3013 1071 3066 pcr
1091 2996 1218 3051 doctores
1240 2996 1354 3053 Wslkcr
1470 3058 1473 3065 ,

264 3086 294 3137 et
313 3083 429 3137 Bounde
446 3085 476 3137 et
494 3079 606 3152 publice
625 3081 655 3134 in
673 3081 756 3151 plena
774 3081 986 3152 congregatione
1009 3082 1176 3152 negantium
1197 3100 1247 3153 per
1264 3101 1352 3140 vnum

264 3188 361 3226 eorum
379 3171 558 3241 presentetur
575 3173 604 3222 et
622 3167 726 3223 hebeat
743 3167 840 3223 literas
859 3167 943 3222 huius
963 3174 1054 3223 vestre
1072 3170 1258 3224 concessionis
1276 3171 1351 3242 sigil-

263 3259 336 3314 latas
359 3257 449 3328 sigilio
473 3261 567 3311 vostro
591 3257 734 3311 communi
790 3257 974 3311 Preeentatus
998 3273 1048 3328 per
1070 3257 1213 3312 doctorem
1239 3257 1352 3314 Wslker

264 3345 329 3417 xxiij
349 3343 479 3400 Octobris
500 3347 567 3399 1662

526 3668 757 3734 Bacchalaurei
780 3669 813 3734 in
837 3669 908 3734 iure
930 3667 1019 3733 civili
1359 3651 1379 3712 f·
1397 3653 1467 3711 691)

188 3843 359 3900 Conceditur
370 3843 411 3898 νὴ
423 3842 567 3898 Februarii
586 3841 673 3898 Henr.
692 3843 787 3898 Moore
803 3845 836 3898 vt
851 3841 979 3897 studium
996 3841 1069 3912 viijw
1081 3857 1219 3896 annorum
1237 3839 1266 3894 in
1285 3839 1345 3894 iure

259 3932 334 3988 civili
355 3947 420 3986 cum
441 3931 532 3986 multe
552 3931 677 4002 practica
695 3931 725 3985 in
743 3929 841 3985 eodem
858 3935 888 3984 et
906 3947 972 3984 cum
990 3927 1214 4000 oppositionibus
1231 3944 1342 4000 respon·

259 4020 386 4076 sionibus
403 4027 433 4075 et
450 4019 514 4075 aliis
533 4020 673 4074 exercitiis
693 4036 744 4090 per
765 4019 852 4089 Regia
872 4021 983 4073 statuta
1003 4017 1148 4088 requisitis
1169 4015 1344 4087 perficiendis

258 4113 332 4167 inira
347 4129 454 4168 annum
471 4115 536 4182 post
551 4111 613 4164 eius
629 4109 829 4164 admissionem
846 4107 900 4162 sub
915 4124 988 4179 pena
1003 4105 1060 4176 iiij¹¹
1073 4104 1201 4176 ponenda
1213 4105 1242 4159 in
1255 4105 1343 4158 mani-

257 4200 311 4256 bus
323 4205 535 4272 procuratorum
548 4205 615 4254 ante
627 4199 688 4253 eius
699 4198 899 4253 admissionem
914 4196 1035 4251 sufficiat
1049 4196 1073 4250 ei
1086 4195 1123 4249 ed
1137 4192 1300 4249 intrandum
1313 4193 1343 4247 in

257 4289 355 4345 eodem
373 4289 434 4344 iure
469 4289 651 4343 Prcsentatus
667 4304 718 4358 per
733 4286 876 4341 doctorem
894 4284 986 4340 Funde
1003 4287 1037 4340 26
1055 4283 1152 4338 Martii
1167 4285 1237 4338 1663
1252 4281 1343 4351 (ioris-

257 4377 324 4432 iecit
335 4379 436 4450 morp.)
