3394 5114
174 343 338 428 1569-70]
620 363 734 411 ossus
757 365 849 412 soon
874 366 896 412 Δ
1269 353 1331 415 239

172 511 193 583 [l
199 511 370 568 Conceditur
383 517 397 569 7
411 513 428 566 J
431 513 480 567 ulii
495 515 629 584 magist-ro
644 515 762 570 Ricanio
775 516 905 570 Fletcher
917 522 949 570 vt
961 517 1089 572 studium
1103 522 1138 571 20
1149 535 1288 572 annorum
1302 517 1331 570 in

242 601 382 671 theologia
402 605 555 672 postquam
576 603 680 656 rexerit
700 603 730 657 in
751 603 863 659 artibus
884 623 950 660 curn
971 605 1197 676 oppositionibus
1218 623 1331 675 respon-

242 689 369 744 sionibus
386 689 563 744 sermonibus
580 690 689 744 stallis
708 691 849 746 exercitiis
867 710 917 763 per
933 697 1043 748 stetuts
1063 693 1208 763 requisitis
1225 693 1331 763 perfici·

243 777 323 832 endis
336 777 410 830 infra
421 794 527 831 annum
541 795 592 832 sue
603 777 782 833 admissionis
799 780 853 834 sub
868 798 940 851 pena
957 798 995 834 cs
1012 781 1141 852 ponenda
1157 781 1186 835 in
1201 780 1332 835 manibus

243 868 456 935 procuratorum
468 870 536 919 ante
549 865 611 920 eius
622 864 823 922 admissionem
839 869 961 922 sufficiet
973 869 998 923 ei
1012 875 1071 922 tam
1083 868 1120 922 ad
1132 867 1330 940 opponendum

243 969 328 1022 quum
348 951 383 1006 ad
406 952 570 1006 intrandum
590 953 620 1007 in
638 971 718 1007 sacra
736 954 877 1025 theologia
894 959 924 1010 et
942 956 1077 1025 quoniam
1096 955 1179 1011 hodie
1196 957 1332 1010 interesse

244 1058 294 1110 per
306 1057 472 1110 magnaeus
485 1041 598 1110 negocia
610 1058 667 1094 non
680 1042 770 1110 possit
786 1047 818 1096 vt
832 1042 1003 1097 admittatur
1018 1043 1054 1096 ad
1072 1043 1208 1114 placitum
1225 1045 1285 1098 sive
1302 1046 1331 1098 in

244 1129 366 1182 termino
378 1129 438 1182 sive
450 1132 530 1183 extra
542 1129 695 1184 terminum
707 1134 775 1184 ante
786 1131 892 1186 festum
904 1132 996 1186 mucti
1009 1131 1129 1186 Dionisii
1142 1132 1313 1206 proximum]

361 1640 482 1706 Cratiae
506 1639 594 1706 varie
616 1640 741 1706 nullam
765 1650 997 1706 concernentes
1018 1642 1154 1706 formam
1183 1679 1185 1687 ·

171 1853 343 1910 Conceditur
356 1859 389 1908 14
402 1853 533 1909 Octobris
545 1859 577 1908 vt
589 1854 722 1910 dominus
734 1853 853 1925 Egidius
871 1853 934 1926 Key
946 1858 1124 1926 presentetur
1141 1855 1178 1910 ad
1195 1855 1329 1910 vicariam

241 1949 364 1998 vestram
376 1943 411 1998 de
423 1943 567 2013 Campsall
584 1944 639 1998 iam
657 1949 806 1998 vacantem
822 1948 852 1998 et
868 1948 901 1998 vt
918 1942 979 1997 eius
996 1943 1171 2014 presentacio
1190 1943 1330 2014 sigilletur

241 2032 331 2103 sigillo
344 2037 437 2087 vestro
449 2032 593 2087 communi

170 2122 340 2178 Conceditur
351 2121 448 2177 eodem
461 2126 493 2176 vt
505 2120 693 2192 quadraginta
705 2120 774 2175 libre
787 2124 888 2176 mutuo
902 2120 1079 2191 accipiantur
1095 2137 1145 2190 per
1161 2120 1327 2190 magistrum

240 2215 270 2264 et
285 2210 374 2264 socios
391 2210 498 2280 collegii
515 2215 612 2264 sancte
628 2213 658 2264 et
674 2208 818 2264 individue
834 2208 985 2263 Trinitatis
1001 2225 1017 2262 e
1032 2209 1105 2262 cista
1122 2208 1179 2263 Fen
1197 2212 1227 2263 et
1244 2209 1329 2264 Neele

239 2315 290 2369 pro
314 2297 499 2352 conductione
522 2295 669 2351 cuiusdam
693 2296 796 2350 domus
818 2313 870 2365 pro
893 2295 1009 2350 domino
1033 2295 1160 2349 Antonio
1185 2295 1329 2351 Caralerio

240 2386 369 2441 hebraice
388 2386 482 2456 lingue
500 2383 650 2456 professori
668 2384 709 2438 sic
727 2390 759 2438 vt
777 2383 896 2456 predicti
915 2383 1049 2454 magister
1065 2389 1095 2437 et
1113 2384 1180 2438 socii
1198 2383 1252 2438 sub
1270 2385 1326 2438 sin·

240 2475 346 2546 grapho
362 2478 391 2529 et
407 2474 498 2545 sigillo
515 2491 566 2528 suo
584 2473 727 2527 communi
744 2478 895 2528 teneantur
911 2473 1064 2543 quotannis
1080 2473 1236 2543 persolvere
1252 2472 1327 2528 dicte

239 2563 310 2618 cisto
321 2563 421 2634 viginti
434 2579 543 2616 marcas
554 2561 643 2616 donec
656 2560 783 2632 predicta
793 2579 905 2616 summa
918 2560 972 2614 xlli
985 2560 1110 2632 plenarie
1122 2560 1298 2631 persolvatur

168 2651 340 2707 Conceditur
359 2655 389 2704 ll
410 2649 580 2705 Novembris
598 2650 733 2720 magistro
751 2649 859 2704 doctori
878 2649 1039 2704 Chaderton
1056 2649 1141 2703 variis
1157 2651 1279 2721 negociis
1297 2659 1326 2706 et

238 2740 346 2794 lectura
370 2739 525 2810 theologica
547 2738 661 2793 domine
687 2737 844 2809 Margarete
865 2741 1000 2810 occupato
1019 2744 1051 2792 vt
1068 2739 1158 2810 possit
1175 2739 1271 2794 abesse
1289 2739 1326 2794 ab

239 2828 371 2884 omnibus
389 2827 650 2898 congregationibus
669 2828 723 2882 nisi
743 2827 912 2882 nominatim
931 2832 1047 2882 vocetur

168 2915 339 2972 Conceditur
363 2919 380 2970 9
400 2913 562 2968 Decembris
587 2914 721 2984 magistro
746 2915 854 2968 Simoni
882 2914 977 2968 Rucke
996 2919 1028 2968 vt
1046 2915 1086 2968 sit
1103 2931 1177 2968 snus
1195 2933 1228 2969 er
1249 2915 1325 2986 xij⁰¹¹³²

238 3003 460 3074 predicatoribus
473 3003 525 3056 hoc
538 3003 662 3073 presenti
675 3020 751 3056 enno
763 3021 814 3074 per
825 3004 998 3057 academiam
1014 3003 1178 3058 emittendis
1196 3007 1225 3058 et
1242 3022 1327 3075 super

239 3092 292 3146 hac
310 3095 404 3146 vestra
421 3090 598 3144 concessione
616 3090 713 3144 literas
731 3089 835 3144 habeat
851 3089 1014 3160 obsignatas
1031 3090 1123 3160 sigillo
1141 3097 1233 3145 vestro
1251 3111 1325 3147 conr-

239 3197 318 3235 mum

168 3270 274 3326 Eadem
287 3268 378 3340 gratia
390 3267 553 3323 conceditur
565 3267 662 3322 eodem
676 3266 796 3321 Ricardo
805 3266 822 3321 J
823 3266 927 3320 ackson
939 3267 1007 3322 Tho.
1019 3267 1136 3322 Farfaxe
1145 3271 1175 3322 et
1184 3268 1325 3322 Willelmo

238 3359 309 3429 Sags
321 3358 350 3412 in
364 3358 474 3412 artibus
487 3357 631 3428 magistris

169 3447 276 3502 Eadem
288 3446 380 3518 gretie
391 3445 555 3500 conceditur
568 3449 602 3499 20
613 3446 631 3499 J
633 3445 743 3500 anuarii
757 3445 891 3515 magistro
903 3445 921 3498 J
923 3462 946 3500 o.
961 3445 1076 3500 Walker
1091 3463 1169 3500 sacre
1185 3446 1324 3517 theologie

238 3535 387 3608 professori
408 3539 438 3590 et
457 3536 525 3590 Tho.
550 3535 646 3606 Penny
671 3535 699 3588 in
725 3533 834 3590 artibus
859 3536 994 3604 magistro
1042 3541 1059 3591 3
1084 3535 1228 3591 Februarii
1255 3537 1322 3592 Rob.

238 3625 349 3680 Norten
365 3642 442 3678 secie
458 3623 596 3694 theologie
612 3623 812 3678 bacchalaureo
825 3627 854 3677 et
866 3623 1003 3678 Nicholeo
1020 3623 1159 3679 Chelenor
1172 3625 1202 3678 in
1215 3626 1324 3680 artibus

238 3713 373 3784 magistro
410 3715 442 3769 17
461 3711 606 3767 Februarii
621 3711 699 3766 Alex.
720 3711 782 3782 Key
800 3712 830 3766 in
847 3711 958 3766 artibus
975 3713 1109 3784 magistro
1126 3718 1155 3767 et
1177 3717 1210 3768 10
1228 3714 1323 3768 Martii

238 3803 374 3872 magistro
393 3801 462 3856 Tho.
483 3801 595 3856 Wsttes
607 3800 746 3870 theologie
764 3801 913 3871 professori

167 3890 337 3946 Conceditur
349 3892 366 3943 9
376 3887 540 3942 Decembris
550 3893 582 3942 vt
595 3888 734 3942 terminus
746 3887 880 3941 hodierno
889 3886 935 3941 die
944 3886 1116 3942 dissolvatur
1125 3906 1181 3942 non
1192 3888 1323 3944 obstante
1336 3889 1355 3949 f.
1374 3891 1431 3947 102
1446 3890 1466 3946 b

238 3981 347 4032 statuto
359 3976 400 4030 sic
412 3980 444 4030 vt
456 3975 666 4047 disputaciones
678 3973 769 4029 fienda
781 3975 908 4045 proxima
919 3975 1079 4045 septimana
1093 3992 1144 4047 pro
1160 3977 1244 4031 factis
1260 3995 1322 4032 can·

239 4069 355 4120 scantur
366 4063 459 4134 quoad
473 4065 623 4134 magistros
635 4063 684 4133 qui
698 4063 878 4133 disputarent

167 4153 337 4212 Conceditur
349 4157 384 4206 20
395 4153 413 4206 J
415 4153 523 4207 anuarii
536 4170 625 4222 quum
635 4151 695 4206 dies
705 4152 741 4206 ed
751 4151 960 4222 disputaciones
970 4151 1178 4222 philosophicas
1187 4155 1322 4223 assignati

237 4239 438 4296 bscchalauriis
451 4240 608 4310 incepturis
623 4257 679 4292 non
692 4239 836 4293 sufficiunt
849 4244 881 4292 vt
893 4257 991 4293 omnes
1003 4239 1063 4292 dics
1075 4240 1191 4310 profesti
1205 4258 1255 4310 pro
1267 4241 1322 4295 dis·

589 4413 598 4446 ¹
616 4414 715 4463 Erseed
732 4415 760 4463 in
778 4414 895 4477 original.
