<?xml version="1.0" encoding="UTF-8"?>
<!DOCTYPE html PUBLIC "-//W3C//DTD XHTML 1.0 Transitional//EN"
    "http://www.w3.org/TR/xhtml1/DTD/xhtml1-transitional.dtd">
<html xmlns="http://www.w3.org/1999/xhtml" xml:lang="en" lang="en">
 <head>
  <title>
</title>
<meta http-equiv="Content-Type" content="text/html;charset=utf-8" />
  <meta name='ocr-system' content='tesseract 3.04.00' />
  <meta name='ocr-capabilities' content='ocr_page ocr_carea ocr_par ocr_line ocrx_word'/>
</head>
<body>
  <div class='ocr_page' id='page_1' title='image "./gracebookgreekl00venngoog_0169.png"; bbox 0 0 3376 5108; ppageno 0'>
   <div class='ocr_carea' id='block_1_1' title="bbox 769 346 1489 433">
    <p class='ocr_par' dir='ltr' id='par_1_1' title="bbox 769 346 1489 433">
     <span class='ocr_line' id='line_1_1' title="bbox 769 346 1489 433; baseline 0.004 -21"><span class='ocrx_word' id='word_1_1' title='bbox 769 363 883 413; x_wconf 68' lang='lat' dir='ltr'>coion</span> <span class='ocrx_word' id='word_1_2' title='bbox 905 362 997 414; x_wconf 79' lang='lat' dir='ltr'>Boou</span> <span class='ocrx_word' id='word_1_3' title='bbox 1021 363 1043 412; x_wconf 85' lang='grc' dir='ltr'><strong>Δ</strong></span> <span class='ocrx_word' id='word_1_4' title='bbox 1325 346 1489 433; x_wconf 73' lang='lat' dir='ltr'>[lete-59</span> 
     </span>
    </p>
   </div>
   <div class='ocr_carea' id='block_1_2' title="bbox 712 921 1114 988">
    <p class='ocr_par' dir='ltr' id='par_1_2' title="bbox 712 921 1114 988">
     <span class='ocr_line' id='line_1_2' title="bbox 712 921 1114 988; baseline 0.005 -2"><span class='ocrx_word' id='word_1_5' title='bbox 712 921 869 987; x_wconf 80' lang='lat' dir='ltr'><strong>Doctores</strong></span> <span class='ocrx_word' id='word_1_6' title='bbox 892 923 927 986; x_wconf 94' lang='lat' dir='ltr'>in</span> <span class='ocrx_word' id='word_1_7' title='bbox 951 923 1114 988; x_wconf 83' lang='lat' dir='ltr'>medicina</span> 
     </span>
    </p>
   </div>
   <div class='ocr_carea' id='block_1_3' title="bbox 216 1116 1492 1879">
    <p class='ocr_par' dir='ltr' id='par_1_3' title="bbox 336 1116 1492 1440">
     <span class='ocr_line' id='line_1_3' title="bbox 336 1116 1491 1188; baseline -0.005 -11"><span class='ocrx_word' id='word_1_8' title='bbox 336 1119 505 1177; x_wconf 83' lang='lat' dir='ltr'>Conceditur</span> <span class='ocrx_word' id='word_1_9' title='bbox 524 1123 557 1172; x_wconf 84' lang='lat'>13</span> <span class='ocrx_word' id='word_1_10' title='bbox 582 1117 744 1173; x_wconf 79' lang='lat' dir='ltr'><strong>Decembris</strong></span> <span class='ocrx_word' id='word_1_11' title='bbox 768 1117 902 1188; x_wconf 80' lang='lat' dir='ltr'>magistro</span> <span class='ocrx_word' id='word_1_12' title='bbox 926 1117 1001 1188; x_wconf 84' lang='lat' dir='ltr'>Glyu</span> <span class='ocrx_word' id='word_1_13' title='bbox 1021 1127 1053 1172; x_wconf 87' lang='lat' dir='ltr'>vt</span> <span class='ocrx_word' id='word_1_14' title='bbox 1076 1116 1203 1172; x_wconf 88' lang='lat' dir='ltr'>studium</span> <span class='ocrx_word' id='word_1_15' title='bbox 1227 1135 1275 1172; x_wconf 83' lang='lat' dir='ltr'>sex</span> <span class='ocrx_word' id='word_1_16' title='bbox 1299 1134 1437 1173; x_wconf 81' lang='lat' dir='ltr'>annorum</span> <span class='ocrx_word' id='word_1_17' title='bbox 1462 1118 1491 1171; x_wconf 94' lang='lat' dir='ltr'>in</span> 
     </span>
     <span class='ocr_line' id='line_1_4' title="bbox 407 1205 1492 1279; baseline -0.001 -17"><span class='ocrx_word' id='word_1_18' title='bbox 407 1207 545 1262; x_wconf 82' lang='lat' dir='ltr'>medicine</span> <span class='ocrx_word' id='word_1_19' title='bbox 562 1212 712 1279; x_wconf 87' lang='lat' dir='ltr'>postquem</span> <span class='ocrx_word' id='word_1_20' title='bbox 731 1210 841 1262; x_wconf 72' lang='lat' dir='ltr'>luxerat</span> <span class='ocrx_word' id='word_1_21' title='bbox 858 1207 888 1261; x_wconf 94' lang='lat' dir='ltr'>in</span> <span class='ocrx_word' id='word_1_22' title='bbox 906 1205 1016 1262; x_wconf 81' lang='lat' dir='ltr'>ortibus</span> <span class='ocrx_word' id='word_1_23' title='bbox 1034 1223 1098 1262; x_wconf 89' lang='lat' dir='ltr'>oum</span> <span class='ocrx_word' id='word_1_24' title='bbox 1118 1206 1196 1278; x_wconf 76' lang='lat' dir='ltr'>presi</span> <span class='ocrx_word' id='word_1_25' title='bbox 1214 1205 1336 1260; x_wconf 86' lang='lat' dir='ltr'>sufficiet</span> <span class='ocrx_word' id='word_1_26' title='bbox 1352 1206 1378 1260; x_wconf 91' lang='lat' dir='ltr'>ei</span> <span class='ocrx_word' id='word_1_27' title='bbox 1396 1206 1433 1261; x_wconf 83' lang='lat' dir='ltr'>ed</span> <span class='ocrx_word' id='word_1_28' title='bbox 1450 1206 1492 1261; x_wconf 90' lang='lat' dir='ltr'>in·</span> 
     </span>
     <span class='ocr_line' id='line_1_5' title="bbox 406 1293 1492 1368; baseline -0.001 -17"><span class='ocrx_word' id='word_1_29' title='bbox 406 1295 567 1368; x_wconf 87' lang='lat' dir='ltr'>cipiendum</span> <span class='ocrx_word' id='word_1_30' title='bbox 596 1295 625 1350; x_wconf 89' lang='lat' dir='ltr'>in</span> <span class='ocrx_word' id='word_1_31' title='bbox 649 1293 747 1350; x_wconf 84' lang='lat' dir='ltr'>eedem</span> <span class='ocrx_word' id='word_1_32' title='bbox 770 1294 811 1350; x_wconf 85' lang='lat' dir='ltr'>sio</span> <span class='ocrx_word' id='word_1_33' title='bbox 835 1300 932 1351; x_wconf 78' lang='lat' dir='ltr'>temen</span> <span class='ocrx_word' id='word_1_34' title='bbox 956 1301 988 1350; x_wconf 87' lang='lat' dir='ltr'>vt</span> <span class='ocrx_word' id='word_1_35' title='bbox 1012 1299 1105 1351; x_wconf 84' lang='lat' dir='ltr'>cetere</span> <span class='ocrx_word' id='word_1_36' title='bbox 1131 1299 1247 1367; x_wconf 77' lang='lat' dir='ltr'>peraget</span> <span class='ocrx_word' id='word_1_37' title='bbox 1270 1294 1349 1350; x_wconf 83' lang='lat' dir='ltr'>iuxte</span> <span class='ocrx_word' id='word_1_38' title='bbox 1372 1295 1492 1350; x_wconf 85' lang='lat' dir='ltr'>formem</span> 
     </span>
     <span class='ocr_line' id='line_1_6' title="bbox 407 1384 509 1440; baseline -0.02 0"><span class='ocrx_word' id='word_1_39' title='bbox 407 1384 509 1440; x_wconf 79' lang='lat' dir='ltr'>statuti</span> 
     </span>
    </p>

    <p class='ocr_par' dir='ltr' id='par_1_4' title="bbox 338 1471 1428 1543">
     <span class='ocr_line' id='line_1_7' title="bbox 338 1471 1428 1543; baseline -0.003 -15"><span class='ocrx_word' id='word_1_40' title='bbox 338 1473 422 1528; x_wconf 88' lang='lat' dir='ltr'>Mem.</span> <span class='ocrx_word' id='word_1_41' title='bbox 435 1471 511 1543; x_wconf 90' lang='lat' dir='ltr'>quod</span> <span class='ocrx_word' id='word_1_42' title='bbox 523 1471 666 1543; x_wconf 86' lang='lat' dir='ltr'>predictus</span> <span class='ocrx_word' id='word_1_43' title='bbox 678 1471 752 1543; x_wconf 83' lang='lat' dir='ltr'>Glyn</span> <span class='ocrx_word' id='word_1_44' title='bbox 767 1488 822 1525; x_wconf 91' lang='lat' dir='ltr'>non</span> <span class='ocrx_word' id='word_1_45' title='bbox 833 1471 965 1527; x_wconf 77' lang='lat' dir='ltr'>interfuit</span> <span class='ocrx_word' id='word_1_46' title='bbox 976 1471 1128 1527; x_wconf 88' lang='lat' dir='ltr'>commitiis</span> <span class='ocrx_word' id='word_1_47' title='bbox 1141 1488 1231 1543; x_wconf 88' lang='lat' dir='ltr'>neque</span> <span class='ocrx_word' id='word_1_48' title='bbox 1244 1471 1428 1542; x_wconf 78' lang='lat' dir='ltr'>inauguratus</span> 
     </span>
    </p>

    <p class='ocr_par' dir='ltr' id='par_1_5' title="bbox 216 1554 1492 1879">
     <span class='ocr_line' id='line_1_8' title="bbox 216 1554 1492 1630; baseline 0 -17"><span class='ocrx_word' id='word_1_49' title='bbox 216 1555 236 1613; x_wconf 81' lang='lat' dir='ltr'>f.</span> <span class='ocrx_word' id='word_1_50' title='bbox 254 1555 293 1612; x_wconf 77' lang='lat'>54</span> <span class='ocrx_word' id='word_1_51' title='bbox 305 1554 324 1612; x_wconf 94' lang='lat' dir='ltr'>b</span> <span class='ocrx_word' id='word_1_52' title='bbox 338 1560 507 1617; x_wconf 82' lang='lat' dir='ltr'>Conceditur</span> <span class='ocrx_word' id='word_1_53' title='bbox 519 1559 616 1614; x_wconf 88' lang='lat' dir='ltr'>eodem</span> <span class='ocrx_word' id='word_1_54' title='bbox 629 1560 764 1630; x_wconf 72' lang='lat' dir='ltr'>magistro</span> <span class='ocrx_word' id='word_1_55' title='bbox 776 1558 853 1614; x_wconf 82' lang='lat' dir='ltr'>Here</span> <span class='ocrx_word' id='word_1_56' title='bbox 862 1576 953 1630; x_wconf 80' lang='lat' dir='ltr'>nuper</span> <span class='ocrx_word' id='word_1_57' title='bbox 961 1559 1035 1615; x_wconf 85' lang='lat' dir='ltr'>socio</span> <span class='ocrx_word' id='word_1_58' title='bbox 1044 1558 1151 1630; x_wconf 85' lang='lat' dir='ltr'>collegii</span> <span class='ocrx_word' id='word_1_59' title='bbox 1161 1558 1218 1613; x_wconf 86' lang='lat' dir='ltr'>divi</span> <span class='ocrx_word' id='word_1_60' title='bbox 1233 1559 1309 1613; x_wconf 85' lang='lat' dir='ltr'>Petri</span> <span class='ocrx_word' id='word_1_61' title='bbox 1322 1563 1354 1614; x_wconf 90' lang='lat' dir='ltr'>vt</span> <span class='ocrx_word' id='word_1_62' title='bbox 1366 1559 1492 1614; x_wconf 88' lang='lat' dir='ltr'>studium</span> 
     </span>
     <span class='ocr_line' id='line_1_9' title="bbox 411 1645 1492 1720; baseline -0.003 -17"><span class='ocrx_word' id='word_1_63' title='bbox 411 1653 444 1704; x_wconf 89' lang='lat'>10</span> <span class='ocrx_word' id='word_1_64' title='bbox 467 1665 606 1703; x_wconf 75' lang='lat' dir='ltr'>annorum</span> <span class='ocrx_word' id='word_1_65' title='bbox 630 1649 660 1702; x_wconf 91' lang='lat' dir='ltr'>in</span> <span class='ocrx_word' id='word_1_66' title='bbox 680 1648 819 1703; x_wconf 80' lang='lat' dir='ltr'>medicine</span> <span class='ocrx_word' id='word_1_67' title='bbox 842 1652 993 1720; x_wconf 82' lang='lat' dir='ltr'>postquem</span> <span class='ocrx_word' id='word_1_68' title='bbox 1014 1652 1123 1704; x_wconf 75' lang='lat' dir='ltr'>texeret</span> <span class='ocrx_word' id='word_1_69' title='bbox 1147 1647 1177 1702; x_wconf 92' lang='lat' dir='ltr'>in</span> <span class='ocrx_word' id='word_1_70' title='bbox 1196 1646 1306 1702; x_wconf 80' lang='lat' dir='ltr'>ortibus</span> <span class='ocrx_word' id='word_1_71' title='bbox 1326 1645 1448 1702; x_wconf 83' lang='lat' dir='ltr'>sufficiet</span> <span class='ocrx_word' id='word_1_72' title='bbox 1467 1648 1492 1702; x_wconf 91' lang='lat' dir='ltr'>ei</span> 
     </span>
     <span class='ocr_line' id='line_1_10' title="bbox 409 1734 1491 1808; baseline -0.001 -17"><span class='ocrx_word' id='word_1_73' title='bbox 409 1735 445 1791; x_wconf 78' lang='lat' dir='ltr'>ed</span> <span class='ocrx_word' id='word_1_74' title='bbox 463 1737 654 1808; x_wconf 88' lang='lat' dir='ltr'>incipiendum</span> <span class='ocrx_word' id='word_1_75' title='bbox 669 1737 699 1790; x_wconf 92' lang='lat' dir='ltr'>in</span> <span class='ocrx_word' id='word_1_76' title='bbox 716 1735 814 1791; x_wconf 87' lang='lat' dir='ltr'>eedem</span> <span class='ocrx_word' id='word_1_77' title='bbox 832 1736 967 1792; x_wconf 78' lang='lat' dir='ltr'>facultate</span> <span class='ocrx_word' id='word_1_78' title='bbox 984 1737 1025 1791; x_wconf 91' lang='lat' dir='ltr'>sic</span> <span class='ocrx_word' id='word_1_79' title='bbox 1044 1743 1075 1790; x_wconf 87' lang='lat' dir='ltr'>vt</span> <span class='ocrx_word' id='word_1_80' title='bbox 1092 1740 1208 1807; x_wconf 76' lang='lat' dir='ltr'>peraget</span> <span class='ocrx_word' id='word_1_81' title='bbox 1226 1735 1321 1791; x_wconf 77' lang='lat' dir='ltr'>omnia</span> <span class='ocrx_word' id='word_1_82' title='bbox 1338 1734 1491 1790; x_wconf 85' lang='lat' dir='ltr'>secundum</span> 
     </span>
     <span class='ocr_line' id='line_1_11' title="bbox 408 1823 643 1879; baseline 0 -1"><span class='ocrx_word' id='word_1_83' title='bbox 408 1824 528 1878; x_wconf 83' lang='lat' dir='ltr'>formem</span> <span class='ocrx_word' id='word_1_84' title='bbox 540 1823 643 1879; x_wconf 83' lang='lat' dir='ltr'>stetuti</span> 
     </span>
    </p>
   </div>
   <div class='ocr_carea' id='block_1_4' title="bbox 337 1911 1492 2162">
    <p class='ocr_par' dir='ltr' id='par_1_6' title="bbox 337 1911 1492 2162">
     <span class='ocr_line' id='line_1_12' title="bbox 337 1911 1491 1984; baseline -0.004 -15"><span class='ocrx_word' id='word_1_85' title='bbox 337 1912 507 1969; x_wconf 80' lang='lat' dir='ltr'>Conceditur</span> <span class='ocrx_word' id='word_1_86' title='bbox 530 1913 620 1968; x_wconf 89' lang='lat' dir='ltr'>eidem</span> <span class='ocrx_word' id='word_1_87' title='bbox 645 1917 674 1966; x_wconf 81' lang='lat'>5⁰</span> <span class='ocrx_word' id='word_1_88' title='bbox 696 1912 777 1968; x_wconf 84' lang='lat' dir='ltr'>Junii</span> <span class='ocrx_word' id='word_1_89' title='bbox 798 1917 830 1966; x_wconf 87' lang='lat' dir='ltr'>vt</span> <span class='ocrx_word' id='word_1_90' title='bbox 853 1913 915 1967; x_wconf 89' lang='lat' dir='ltr'>eius</span> <span class='ocrx_word' id='word_1_91' title='bbox 938 1913 1081 1984; x_wconf 81' lang='lat' dir='ltr'>responsio</span> <span class='ocrx_word' id='word_1_92' title='bbox 1105 1912 1134 1968; x_wconf 94' lang='lat' dir='ltr'>in</span> <span class='ocrx_word' id='word_1_93' title='bbox 1158 1911 1292 1983; x_wconf 87' lang='lat' dir='ltr'>vesperiis</span> <span class='ocrx_word' id='word_1_94' title='bbox 1315 1911 1491 1966; x_wconf 82' lang='lat' dir='ltr'>comitiorum</span> 
     </span>
     <span class='ocr_line' id='line_1_13' title="bbox 407 2001 1492 2073; baseline -0.002 -16"><span class='ocrx_word' id='word_1_95' title='bbox 407 2001 538 2058; x_wconf 80' lang='lat' dir='ltr'>habende</span> <span class='ocrx_word' id='word_1_96' title='bbox 558 2003 597 2058; x_wconf 84' lang='lat' dir='ltr'>sit</span> <span class='ocrx_word' id='word_1_97' title='bbox 620 2001 661 2056; x_wconf 91' lang='lat' dir='ltr'>illi</span> <span class='ocrx_word' id='word_1_98' title='bbox 681 2003 711 2056; x_wconf 91' lang='lat' dir='ltr'>in</span> <span class='ocrx_word' id='word_1_99' title='bbox 730 2002 790 2056; x_wconf 93' lang='lat' dir='ltr'>loco</span> <span class='ocrx_word' id='word_1_100' title='bbox 811 2002 1024 2073; x_wconf 76' lang='lat' dir='ltr'>responsionum</span> <span class='ocrx_word' id='word_1_101' title='bbox 1042 2001 1079 2058; x_wconf 81' lang='lat' dir='ltr'>od</span> <span class='ocrx_word' id='word_1_102' title='bbox 1097 2019 1170 2073; x_wconf 81' lang='lat' dir='ltr'>ques</span> <span class='ocrx_word' id='word_1_103' title='bbox 1191 2005 1304 2056; x_wconf 87' lang='lat' dir='ltr'>tenetur</span> <span class='ocrx_word' id='word_1_104' title='bbox 1322 2001 1431 2056; x_wconf 79' lang='lat' dir='ltr'>rationo</span> <span class='ocrx_word' id='word_1_105' title='bbox 1448 2001 1492 2056; x_wconf 87' lang='lat' dir='ltr'>sui</span> 
     </span>
     <span class='ocr_line' id='line_1_14' title="bbox 408 2089 890 2162; baseline -0.002 -15"><span class='ocrx_word' id='word_1_106' title='bbox 408 2089 511 2162; x_wconf 74' lang='lat' dir='ltr'>gradus</span> <span class='ocrx_word' id='word_1_107' title='bbox 528 2095 595 2147; x_wconf 82' lang='lat' dir='ltr'>ente</span> <span class='ocrx_word' id='word_1_108' title='bbox 612 2091 674 2146; x_wconf 87' lang='lat' dir='ltr'>eius</span> <span class='ocrx_word' id='word_1_109' title='bbox 691 2090 890 2146; x_wconf 75' lang='lat' dir='ltr'>admissionem</span> 
     </span>
    </p>
   </div>
   <div class='ocr_carea' id='block_1_5' title="bbox 704 2578 1127 2647">
    <p class='ocr_par' dir='ltr' id='par_1_7' title="bbox 704 2578 1127 2647">
     <span class='ocr_line' id='line_1_15' title="bbox 704 2578 1127 2647; baseline 0.002 -1"><span class='ocrx_word' id='word_1_110' title='bbox 704 2578 862 2647; x_wconf 81' lang='lat' dir='ltr'>Doctores</span> <span class='ocrx_word' id='word_1_111' title='bbox 885 2582 921 2646; x_wconf 91' lang='lat' dir='ltr'>in</span> <span class='ocrx_word' id='word_1_112' title='bbox 943 2579 1015 2647; x_wconf 90' lang='lat' dir='ltr'>iure</span> <span class='ocrx_word' id='word_1_113' title='bbox 1037 2579 1127 2647; x_wconf 82' lang='lat' dir='ltr'>civili</span> 
     </span>
    </p>
   </div>
   <div class='ocr_carea' id='block_1_6' title="bbox 339 2767 1495 3109">
    <p class='ocr_par' dir='ltr' id='par_1_8' title="bbox 339 2767 1495 3109">
     <span class='ocr_line' id='line_1_16' title="bbox 339 2767 1494 2845; baseline -0.003 -17"><span class='ocrx_word' id='word_1_114' title='bbox 339 2771 508 2829; x_wconf 74' lang='lat' dir='ltr'>Conceditur</span> <span class='ocrx_word' id='word_1_115' title='bbox 523 2775 557 2827; x_wconf 88' lang='lat'>16</span> <span class='ocrx_word' id='word_1_116' title='bbox 569 2770 587 2826; x_wconf 89' lang='lat' dir='ltr'><strong>J</strong></span> <span class='ocrx_word' id='word_1_117' title='bbox 589 2771 649 2826; x_wconf 90' lang='lat' dir='ltr'>unii</span> <span class='ocrx_word' id='word_1_118' title='bbox 666 2771 802 2826; x_wconf 82' lang='lat' dir='ltr'>Nicholso</span> <span class='ocrx_word' id='word_1_119' title='bbox 819 2770 1008 2845; x_wconf 84' lang='lat' dir='ltr'>Bullyngham</span> <span class='ocrx_word' id='word_1_120' title='bbox 1026 2770 1142 2826; x_wconf 86' lang='lat' dir='ltr'>Oxoniis</span> <span class='ocrx_word' id='word_1_121' title='bbox 1158 2775 1226 2826; x_wconf 85' lang='lat' dir='ltr'>ente</span> <span class='ocrx_word' id='word_1_122' title='bbox 1243 2767 1408 2825; x_wconf 88' lang='lat' dir='ltr'>decennium</span> <span class='ocrx_word' id='word_1_123' title='bbox 1425 2768 1494 2824; x_wconf 84' lang='lat' dir='ltr'>iuris</span> 
     </span>
     <span class='ocr_line' id='line_1_17' title="bbox 409 2857 1495 2931; baseline -0.002 -17"><span class='ocrx_word' id='word_1_124' title='bbox 409 2859 501 2914; x_wconf 87' lang='lat' dir='ltr'>ciuilis</span> <span class='ocrx_word' id='word_1_125' title='bbox 520 2859 702 2914; x_wconf 84' lang='lat' dir='ltr'>becheleureo</span> <span class='ocrx_word' id='word_1_126' title='bbox 722 2864 754 2914; x_wconf 83' lang='lat' dir='ltr'>vt</span> <span class='ocrx_word' id='word_1_127' title='bbox 773 2861 863 2931; x_wconf 83' lang='lat' dir='ltr'>possit</span> <span class='ocrx_word' id='word_1_128' title='bbox 886 2860 933 2915; x_wconf 90' lang='lat' dir='ltr'>hic</span> <span class='ocrx_word' id='word_1_129' title='bbox 953 2860 1075 2931; x_wconf 87' lang='lat' dir='ltr'>incipere</span> <span class='ocrx_word' id='word_1_130' title='bbox 1099 2857 1175 2930; x_wconf 82' lang='lat' dir='ltr'>apud</span> <span class='ocrx_word' id='word_1_131' title='bbox 1197 2877 1246 2913; x_wconf 87' lang='lat' dir='ltr'>vos</span> <span class='ocrx_word' id='word_1_132' title='bbox 1267 2859 1297 2913; x_wconf 93' lang='lat' dir='ltr'>in</span> <span class='ocrx_word' id='word_1_133' title='bbox 1317 2858 1412 2914; x_wconf 89' lang='lat' dir='ltr'>eodem</span> <span class='ocrx_word' id='word_1_134' title='bbox 1434 2858 1495 2912; x_wconf 88' lang='lat' dir='ltr'>iure</span> 
     </span>
     <span class='ocr_line' id='line_1_18' title="bbox 409 2945 1495 3020; baseline -0.004 -17"><span class='ocrx_word' id='word_1_135' title='bbox 409 2949 451 3003; x_wconf 83' lang='lat' dir='ltr'>its</span> <span class='ocrx_word' id='word_1_136' title='bbox 469 2947 545 3019; x_wconf 93' lang='lat' dir='ltr'>quod</span> <span class='ocrx_word' id='word_1_137' title='bbox 562 2949 624 3003; x_wconf 89' lang='lat' dir='ltr'>eius</span> <span class='ocrx_word' id='word_1_138' title='bbox 641 2947 774 3003; x_wconf 74' lang='lat' dir='ltr'>admissio</span> <span class='ocrx_word' id='word_1_139' title='bbox 793 2950 844 3004; x_wconf 85' lang='lat' dir='ltr'>fiet</span> <span class='ocrx_word' id='word_1_140' title='bbox 864 2947 900 3003; x_wconf 79' lang='lat' dir='ltr'>ed</span> <span class='ocrx_word' id='word_1_141' title='bbox 922 2948 1057 3020; x_wconf 78' lang='lat' dir='ltr'>placitum</span> <span class='ocrx_word' id='word_1_142' title='bbox 1076 2948 1135 3002; x_wconf 86' lang='lat' dir='ltr'>sive</span> <span class='ocrx_word' id='word_1_143' title='bbox 1153 2947 1183 3002; x_wconf 90' lang='lat' dir='ltr'>in</span> <span class='ocrx_word' id='word_1_144' title='bbox 1201 2947 1323 3001; x_wconf 90' lang='lat' dir='ltr'>termino</span> <span class='ocrx_word' id='word_1_145' title='bbox 1340 2945 1399 3001; x_wconf 87' lang='lat' dir='ltr'>sive</span> <span class='ocrx_word' id='word_1_146' title='bbox 1416 2949 1495 3000; x_wconf 84' lang='lat' dir='ltr'>extre</span> 
     </span>
     <span class='ocr_line' id='line_1_19' title="bbox 410 3034 1495 3109; baseline -0.004 -16"><span class='ocrx_word' id='word_1_147' title='bbox 410 3037 563 3093; x_wconf 85' lang='lat' dir='ltr'>terminum</span> <span class='ocrx_word' id='word_1_148' title='bbox 576 3042 605 3092; x_wconf 90' lang='lat' dir='ltr'>ct</span> <span class='ocrx_word' id='word_1_149' title='bbox 617 3035 755 3093; x_wconf 81' lang='lat' dir='ltr'>habentur</span> <span class='ocrx_word' id='word_1_150' title='bbox 763 3054 813 3109; x_wconf 92' lang='lat' dir='ltr'>pro</span> <span class='ocrx_word' id='word_1_151' title='bbox 823 3037 969 3109; x_wconf 88' lang='lat' dir='ltr'>completis</span> <span class='ocrx_word' id='word_1_152' title='bbox 977 3036 1067 3108; x_wconf 81' lang='lat' dir='ltr'>gredo</span> <span class='ocrx_word' id='word_1_153' title='bbox 1079 3041 1107 3091; x_wconf 90' lang='lat' dir='ltr'>et</span> <span class='ocrx_word' id='word_1_154' title='bbox 1117 3037 1206 3090; x_wconf 82' lang='lat' dir='ltr'>forme</span> <span class='ocrx_word' id='word_1_155' title='bbox 1214 3035 1349 3107; x_wconf 85' lang='lat' dir='ltr'>quoniam</span> <span class='ocrx_word' id='word_1_156' title='bbox 1361 3034 1495 3106; x_wconf 87' lang='lat' dir='ltr'>proximis</span> 
     </span>
    </p>
   </div>
   <div class='ocr_carea' id='block_1_7' title="bbox 410 3214 779 3270">
    <p class='ocr_par' dir='ltr' id='par_1_9' title="bbox 410 3214 779 3270">
     <span class='ocr_line' id='line_1_20' title="bbox 410 3214 779 3270; baseline 0.003 -2"><span class='ocrx_word' id='word_1_157' title='bbox 410 3214 550 3269; x_wconf 77' lang='lat' dir='ltr'>officiariis</span> <span class='ocrx_word' id='word_1_158' title='bbox 568 3217 598 3269; x_wconf 88' lang='lat' dir='ltr'>et</span> <span class='ocrx_word' id='word_1_159' title='bbox 615 3215 779 3270; x_wconf 79' lang='lat' dir='ltr'>convivetur</span> 
     </span>
    </p>
   </div>
   <div class='ocr_carea' id='block_1_8' title="bbox 725 3683 1127 3771">
    <p class='ocr_par' dir='ltr' id='par_1_10' title="bbox 725 3683 1127 3771">
     <span class='ocr_line' id='line_1_21' title="bbox 725 3683 1127 3771; baseline 0 -22"><span class='ocrx_word' id='word_1_160' title='bbox 725 3683 882 3750; x_wconf 84' lang='lat' dir='ltr'>Doctores</span> <span class='ocrx_word' id='word_1_161' title='bbox 904 3683 939 3748; x_wconf 90' lang='lat' dir='ltr'>in</span> <span class='ocrx_word' id='word_1_162' title='bbox 961 3683 1127 3771; x_wconf 82' lang='lat' dir='ltr'>theologie</span> 
     </span>
    </p>
   </div>
   <div class='ocr_carea' id='block_1_9' title="bbox 340 3883 1497 4463">
    <p class='ocr_par' dir='ltr' id='par_1_11' title="bbox 340 3883 1497 4463">
     <span class='ocr_line' id='line_1_22' title="bbox 340 3883 1496 3956; baseline 0.006 -18"><span class='ocrx_word' id='word_1_163' title='bbox 340 3883 509 3940; x_wconf 79' lang='lat' dir='ltr'>Conceditur</span> <span class='ocrx_word' id='word_1_164' title='bbox 530 3888 563 3940; x_wconf 88' lang='grc'>13</span> <span class='ocrx_word' id='word_1_165' title='bbox 584 3884 746 3939; x_wconf 85' lang='lat' dir='ltr'>Decembris</span> <span class='ocrx_word' id='word_1_166' title='bbox 764 3884 898 3955; x_wconf 73' lang='lat' dir='ltr'>magistro</span> <span class='ocrx_word' id='word_1_167' title='bbox 918 3885 1006 3956; x_wconf 85' lang='lat' dir='ltr'>Porye</span> <span class='ocrx_word' id='word_1_168' title='bbox 1024 3885 1247 3942; x_wconf 74' lang='lat' dir='ltr'>vicecancellario</span> <span class='ocrx_word' id='word_1_169' title='bbox 1265 3893 1297 3942; x_wconf 88' lang='lat' dir='ltr'>vt</span> <span class='ocrx_word' id='word_1_170' title='bbox 1315 3888 1442 3944; x_wconf 86' lang='lat' dir='ltr'>studium</span> <span class='ocrx_word' id='word_1_171' title='bbox 1462 3891 1496 3944; x_wconf 87' lang='lat'>10</span> 
     </span>
     <span class='ocr_line' id='line_1_23' title="bbox 410 3971 1494 4043; baseline 0.006 -17"><span class='ocrx_word' id='word_1_172' title='bbox 410 3987 550 4028; x_wconf 77' lang='lat' dir='ltr'>annorum</span> <span class='ocrx_word' id='word_1_173' title='bbox 575 3972 604 4026; x_wconf 95' lang='lat' dir='ltr'>in</span> <span class='ocrx_word' id='word_1_174' title='bbox 629 3971 768 4042; x_wconf 85' lang='lat' dir='ltr'>theologie</span> <span class='ocrx_word' id='word_1_175' title='bbox 790 3976 856 4043; x_wconf 88' lang='lat' dir='ltr'>post</span> <span class='ocrx_word' id='word_1_176' title='bbox 879 3972 1029 4028; x_wconf 86' lang='lat' dir='ltr'>introitum</span> <span class='ocrx_word' id='word_1_177' title='bbox 1048 3974 1079 4028; x_wconf 89' lang='lat' dir='ltr'>in</span> <span class='ocrx_word' id='word_1_178' title='bbox 1097 3973 1185 4030; x_wconf 85' lang='lat' dir='ltr'>libros</span> <span class='ocrx_word' id='word_1_179' title='bbox 1204 3976 1409 4032; x_wconf 83' lang='lat' dir='ltr'>sententiarum</span> <span class='ocrx_word' id='word_1_180' title='bbox 1430 3995 1494 4033; x_wconf 90' lang='lat' dir='ltr'>oum</span> 
     </span>
     <span class='ocr_line' id='line_1_24' title="bbox 411 4057 1495 4120; baseline 0.005 -5"><span class='ocrx_word' id='word_1_181' title='bbox 411 4057 521 4116; x_wconf 88' lang='lat' dir='ltr'>duobus</span> <span class='ocrx_word' id='word_1_182' title='bbox 533 4059 709 4116; x_wconf 82' lang='lat' dir='ltr'>sermonibus</span> <span class='ocrx_word' id='word_1_183' title='bbox 722 4077 777 4115; x_wconf 92' lang='lat' dir='ltr'>vno</span> <span class='ocrx_word' id='word_1_184' title='bbox 789 4059 825 4115; x_wconf 79' lang='lat' dir='ltr'>ed</span> <span class='ocrx_word' id='word_1_185' title='bbox 841 4061 947 4116; x_wconf 86' lang='lat' dir='ltr'>clerum</span> <span class='ocrx_word' id='word_1_186' title='bbox 963 4061 1053 4116; x_wconf 72' lang='lat' dir='ltr'>altero</span> <span class='ocrx_word' id='word_1_187' title='bbox 1065 4063 1101 4118; x_wconf 83' lang='lat' dir='ltr'>ed</span> <span class='ocrx_word' id='word_1_188' title='bbox 1116 4081 1225 4118; x_wconf 82' lang='lat' dir='ltr'>crucem</span> <span class='ocrx_word' id='word_1_189' title='bbox 1243 4064 1321 4119; x_wconf 80' lang='lat' dir='ltr'>Pauli</span> <span class='ocrx_word' id='word_1_190' title='bbox 1334 4065 1454 4120; x_wconf 82' lang='lat' dir='ltr'>sufficiat</span> <span class='ocrx_word' id='word_1_191' title='bbox 1470 4067 1495 4120; x_wconf 92' lang='lat' dir='ltr'>ei</span> 
     </span>
     <span class='ocr_line' id='line_1_25' title="bbox 412 4148 1497 4221; baseline 0.006 -18"><span class='ocrx_word' id='word_1_192' title='bbox 412 4166 463 4220; x_wconf 92' lang='lat' dir='ltr'>pro</span> <span class='ocrx_word' id='word_1_193' title='bbox 480 4149 627 4221; x_wconf 83' lang='lat' dir='ltr'>completis</span> <span class='ocrx_word' id='word_1_194' title='bbox 648 4150 738 4205; x_wconf 83' lang='lat' dir='ltr'>forma</span> <span class='ocrx_word' id='word_1_195' title='bbox 761 4154 790 4204; x_wconf 91' lang='lat' dir='ltr'>et</span> <span class='ocrx_word' id='word_1_196' title='bbox 812 4148 902 4220; x_wconf 77' lang='lat' dir='ltr'>gradu</span> <span class='ocrx_word' id='word_1_197' title='bbox 925 4149 1087 4206; x_wconf 73' lang='lat' dir='ltr'>doctoratus</span> <span class='ocrx_word' id='word_1_198' title='bbox 1108 4151 1137 4206; x_wconf 92' lang='lat' dir='ltr'>in</span> <span class='ocrx_word' id='word_1_199' title='bbox 1161 4151 1259 4207; x_wconf 82' lang='lat' dir='ltr'>eedem</span> <span class='ocrx_word' id='word_1_200' title='bbox 1280 4153 1414 4209; x_wconf 74' lang='lat' dir='ltr'>facultate</span> <span class='ocrx_word' id='word_1_201' title='bbox 1450 4154 1497 4210; x_wconf 81' lang='lat' dir='ltr'>Itu</span> 
     </span>
     <span class='ocr_line' id='line_1_26' title="bbox 412 4235 1497 4307; baseline 0.006 -18"><span class='ocrx_word' id='word_1_202' title='bbox 412 4235 487 4305; x_wconf 87' lang='lat' dir='ltr'>quod</span> <span class='ocrx_word' id='word_1_203' title='bbox 499 4241 611 4307; x_wconf 88' lang='lat' dir='ltr'>recepte</span> <span class='ocrx_word' id='word_1_204' title='bbox 627 4235 784 4291; x_wconf 82' lang='lat' dir='ltr'>iuramento</span> <span class='ocrx_word' id='word_1_205' title='bbox 800 4237 839 4290; x_wconf 90' lang='lat' dir='ltr'>sit</span> <span class='ocrx_word' id='word_1_206' title='bbox 855 4241 920 4290; x_wconf 82' lang='lat' dir='ltr'>ectu</span> <span class='ocrx_word' id='word_1_207' title='bbox 937 4236 1034 4292; x_wconf 86' lang='lat' dir='ltr'>doctor</span> <span class='ocrx_word' id='word_1_208' title='bbox 1050 4237 1168 4292; x_wconf 79' lang='lat' dir='ltr'>statutis</span> <span class='ocrx_word' id='word_1_209' title='bbox 1180 4243 1231 4293; x_wconf 79' lang='lat' dir='ltr'>eut</span> <span class='ocrx_word' id='word_1_210' title='bbox 1247 4239 1497 4295; x_wconf 85' lang='lat' dir='ltr'>consuetudlnibus</span> 
     </span>
     <span class='ocr_line' id='line_1_27' title="bbox 411 4321 1497 4402; baseline 0.005 -26"><span class='ocrx_word' id='word_1_211' title='bbox 411 4322 495 4377; x_wconf 88' lang='lat' dir='ltr'>istius</span> <span class='ocrx_word' id='word_1_212' title='bbox 525 4321 718 4378; x_wconf 76' lang='lat' dir='ltr'>uniuersitatis</span> <span class='ocrx_word' id='word_1_213' title='bbox 748 4339 805 4378; x_wconf 91' lang='lat' dir='ltr'>non</span> <span class='ocrx_word' id='word_1_214' title='bbox 837 4321 1017 4378; x_wconf 71' lang='lat' dir='ltr'>obstantibus</span> <span class='ocrx_word' id='word_1_215' title='bbox 1042 4324 1083 4378; x_wconf 88' lang='lat' dir='ltr'>sic</span> <span class='ocrx_word' id='word_1_216' title='bbox 1113 4327 1209 4402; x_wconf 68' lang='lat' dir='ltr'>temen</span> <span class='ocrx_word' id='word_1_217' title='bbox 1237 4325 1313 4398; x_wconf 91' lang='lat' dir='ltr'>quod</span> <span class='ocrx_word' id='word_1_218' title='bbox 1341 4325 1497 4381; x_wconf 73' lang='lat' dir='ltr'>satisfaciet</span> 
     </span>
     <span class='ocr_line' id='line_1_28' title="bbox 412 4407 1054 4463; baseline 0.003 0"><span class='ocrx_word' id='word_1_219' title='bbox 412 4407 551 4463; x_wconf 80' lang='lat' dir='ltr'>officiariis</span> <span class='ocrx_word' id='word_1_220' title='bbox 991 4407 1013 4428; x_wconf 82' lang='lat'>&#39;&#39;</span> <span class='ocrx_word' id='word_1_221' title='bbox 1049 4408 1054 4416; x_wconf 82' lang='lat'>&#39;</span> 
     </span>
    </p>
   </div>
   <div class='ocr_carea' id='block_1_10' title="bbox 0 0 1701 5108">
    <p class='ocr_par' dir='ltr' id='par_1_12' title="bbox 0 0 1701 5108">
     <span class='ocr_line' id='line_1_29' title="bbox 0 0 1701 5108; baseline 0 0"><span class='ocrx_word' id='word_1_222' title='bbox 0 0 1701 5108; x_wconf 95' lang='lat' dir='ltr'> </span> 
     </span>
    </p>
   </div>
  </div>
 </body>
</html>
