3376 5108
779 357 895 408 aaron
916 357 1009 407 soon
1032 357 1054 405 Δ
1323 340 1489 426 [1553-54

337 796 478 863 Admissi
508 799 549 864 ed
580 798 842 886 respondendum
868 797 1033 886 questioni
1056 796 1112 862 sed
1136 819 1200 862 non
1223 797 1488 865 determinabant

594 923 700 987 neque
722 909 801 966 eunt
822 900 996 966 actualiter
1017 899 1242 965 bacchalaurei

334 1083 407 1138 Item
420 1083 583 1138 conceditur
594 1081 717 1136 Johanni
730 1081 843 1150 Yonges
856 1084 887 1136 rt
903 1085 934 1134 ll
949 1079 1063 1134 termini
1077 1096 1142 1134 cum
1154 1079 1275 1134 termino
1288 1081 1318 1134 in
1330 1097 1387 1150 quo
1398 1079 1489 1136 deter-

403 1171 563 1228 minaturus
574 1169 659 1225 estin
672 1169 776 1241 quibus
788 1168 921 1224 lectiones
934 1168 1088 1224 ordinarias
1100 1167 1212 1223 audiuit
1228 1168 1294 1223 licet
1305 1186 1362 1224 non
1374 1169 1489 1225 omnino

403 1257 557 1315 secundum
575 1260 694 1314 formam
711 1259 814 1314 statuti
831 1276 895 1314 cum
915 1258 1139 1331 oppositionibus
1157 1262 1187 1313 et
1202 1257 1430 1330 responsionibus
1447 1277 1488 1315 re·

402 1348 516 1421 quisitis
528 1348 669 1404 sufficiant
681 1349 706 1403 ei
718 1347 755 1403 ad
767 1348 992 1420 respondendum
1004 1348 1145 1420 questioni

334 1441 408 1496 Item
429 1437 592 1494 conceditur
609 1439 716 1493 Thome
741 1438 826 1493 Ithcll
847 1443 880 1494 vt
901 1443 934 1492 12
953 1438 1067 1494 termini
1087 1437 1118 1491 in
1139 1436 1243 1508 quibus
1264 1437 1397 1492 lectiones
1416 1437 1490 1493 ordi·

404 1529 498 1584 narius
521 1527 632 1584 audiuit
655 1528 722 1583 licet
746 1546 802 1583 non
830 1527 945 1583 omnino
969 1526 1123 1582 secundum
1150 1526 1269 1581 formam
1298 1527 1401 1582 statuti
1424 1543 1489 1582 cunr

403 1615 627 1688 oppositionibus
647 1615 876 1688 responsionibus
895 1621 924 1670 et
948 1615 1012 1671 eliis
1029 1615 1169 1673 exercitiis
1187 1613 1332 1686 requisitis
1349 1613 1490 1670 sufficiant

403 1704 483 1762 eiad
502 1703 727 1777 respondendnm
745 1704 887 1776 questioni

211 2105 232 2166 f.
248 2103 322 2166 371>
733 2107 882 2194 Magistri
905 2105 940 2171 in
962 2106 1089 2172 artibus

336 2283 409 2340 Item
421 2284 584 2340 conceditur
595 2284 710 2342 domino
722 2285 808 2340 Owen
824 2289 857 2339 vt
872 2301 974 2339 novem
987 2283 1101 2339 termini
1117 2295 1182 2356 post
1198 2285 1311 2342 finalem
1322 2287 1384 2342 eius
1399 2286 1489 2342 deter-

404 2371 589 2428 minationem
607 2373 637 2428 in
654 2370 759 2444 quibus
773 2371 907 2427 lectiones
923 2370 1079 2427 ordinarias
1094 2371 1205 2428 audiuit
1221 2373 1288 2429 licat
1303 2390 1360 2429 non
1376 2375 1491 2430 omnino

405 2461 559 2517 secundum
583 2461 702 2517 sormam
726 2461 832 2516 statuti·
852 2477 916 2515 cum
943 2457 1034 2514 tribus
1055 2459 1283 2532 responsionibus
1303 2462 1444 2518 sufficiant
1463 2461 1490 2518 ci

405 2547 440 2604 ad
459 2549 652 2622 incipiendum
670 2551 700 2604 in
718 2548 828 2604 artibus

335 2635 440 2692 Eadem
456 2639 548 2708 gratia
564 2638 600 2694 de
615 2637 701 2694 verbo
714 2639 745 2693 in
763 2637 878 2692 verbum
896 2636 1058 2691 conceditur
1074 2635 1196 2691 dominia
1214 2637 1314 2692 Stokes
1332 2637 1489 2712 Hawscppe

405 2724 517 2782 Worme
530 2726 610 2798 Style
623 2726 819 2797 Etheryngton
832 2724 937 2780 Cliterc
949 2727 979 2778 et
990 2722 1118 2779 Wandon

336 2815 410 2868 Itcm
421 2814 584 2870 conceditur
595 2814 738 2870 Bernnrdo
751 2814 850 2869 Mcscu
863 2819 895 2867 vt
907 2812 1034 2867 studium
1044 2830 1061 2866 r
1073 2831 1211 2869 antrorum
1221 2815 1251 2869 in
1260 2814 1350 2870 literis
1362 2815 1490 2872 humani·

404 2902 500 2958 oribus
523 2907 553 2958 et
571 2903 635 2958 aliis
658 2901 767 2958 artibus
791 2901 913 2957 sufficiat
936 2902 963 2956 ei
983 2900 1019 2956 ad
1041 2901 1232 2973 incipiendum
1247 2903 1276 2958 in
1297 2903 1407 2960 artibus
1443 2906 1489 2962 Sic

405 2990 480 3060 quod
492 2996 536 3046 ter
552 2990 719 3063 respondeat
735 2995 802 3044 ante
818 2991 879 3045 eius
895 2989 1093 3044 admissionem
1113 2990 1195 3045 modo
1212 2998 1306 3047 vestra
1317 2994 1490 3050 authoritate

404 3078 571 3150 respondere
595 3079 686 3151 possit
710 3077 745 3133 ad
770 3079 888 3133 formam
918 3077 1094 3133 bachalaurei
1120 3085 1148 3133 et
1172 3081 1263 3135 solvat
1291 3082 1388 3136 errario
1415 3101 1489 3138 com·

405 3167 484 3221 muni
502 3185 578 3221 xrrrs

335 3256 410 3311 Item
427 3255 589 3310 conceditur
606 3255 720 3310 domino
739 3254 839 3326 Abuey
858 3259 890 3308 vt
907 3271 956 3309 sex
973 3254 1087 3309 termini
1109 3263 1174 3326 post
1191 3257 1303 3312 finalem
1322 3257 1382 3313 aius
1399 3260 1489 3315 deter-

406 3343 588 3398 minationem
605 3344 634 3396 in
652 3341 756 3413 quibus
772 3342 906 3397 lectiones
922 3341 1078 3397 ordinarias
1094 3341 1204 3397 audiuit
1221 3345 1286 3399 licet
1303 3363 1359 3401 non
1375 3347 1490 3403 omnino

405 3430 558 3486 secundum
571 3431 689 3485 sormam
706 3429 809 3484 statuti
827 3448 892 3485 cum
904 3429 996 3485 tribus
1012 3431 1239 3502 responsionibus
1254 3433 1396 3489 sufficiant
1412 3435 1437 3489 ci
1453 3435 1490 3491 ad

403 3518 594 3591 incipiendum
607 3519 636 3572 in
649 3517 759 3573 artiirus

335 3611 409 3665 Item
430 3608 592 3664 conceditur
611 3607 726 3662 domino
746 3607 885 3662 Hntohett
905 3611 936 3661 vt
957 3625 1056 3662 novem
1075 3608 1189 3662 termini
1208 3613 1272 3679 post
1296 3610 1409 3666 finalem
1429 3613 1490 3668 eius

404 3697 669 3752 determinacionem
695 3697 723 3749 in
748 3694 853 3765 quibus
877 3695 1010 3750 lectiones
1034 3694 1188 3750 ordinarios
1212 3695 1323 3752 audiuit
1343 3697 1409 3754 licet
1433 3717 1488 3756 non

405 3789 519 3843 omuino
531 3786 684 3842 secundum
695 3786 813 3840 fonnem
823 3785 925 3839 statuti
939 3803 1001 3838 curn
1012 3785 1105 3839 tribus
1114 3784 1342 3856 responsionibus
1350 3787 1491 3843 sufficiant

405 3877 431 3932 ei
443 3876 479 3931 ad
492 3875 683 3949 incipiendum
696 3874 726 3929 in
738 3873 848 3929 artibus

336 3965 440 4021 Eadem
459 3966 550 4036 gratia
566 3964 601 4019 de
618 3963 702 4018 verbo
720 3963 750 4017 in
768 3959 884 4017 verbum
901 3961 1063 4017 conceditur
1079 3961 1200 4016 dominis
1220 3961 1381 4019 Kettlestcn
1398 3963 1491 4022 Oooke

406 4053 530 4126 Kyddall
547 4059 577 4108 et
596 4053 696 4124 Tayler

337 4143 409 4198 Item
426 4141 589 4197 conceditur
604 4141 718 4196 domino
736 4139 850 4212 Gybbes
869 4143 900 4194 vt
917 4155 965 4194 sex
981 4139 1095 4194 termini
1111 4143 1176 4210 post
1195 4139 1306 4196 finalem
1322 4141 1383 4196 eius
1401 4141 1490 4198 deter·

406 4231 589 4286 minationem
607 4231 636 4284 in
653 4228 757 4301 quibus
773 4229 907 4283 lectiones
924 4228 1080 4283 ordinarias
1096 4228 1206 4283 audiuit
1221 4228 1287 4284 licet
1304 4247 1359 4285 non
1375 4231 1491 4286 omnino

406 4318 560 4374 secundum
571 4319 692 4374 formam
708 4317 811 4373 statuti
827 4335 893 4371 cum
909 4315 1001 4371 tribus
1017 4315 1244 4388 responsionibus
1255 4317 1397 4374 sufficiant
1412 4319 1437 4374 ei
1454 4319 1490 4375 ad

407 4405 597 4480 incipiendum
609 4407 638 4461 in
651 4405 761 4461 artibus
