3378 5116
335 331 377 396 78
777 350 889 397 ossus
913 351 1004 398 1001
1028 349 1050 396 Δ
1328 333 1494 418 [1551-52

335 500 409 554 Item
428 498 591 554 conceditur
609 500 726 555 Gerleoo
745 500 835 556 Frisio
856 505 889 556 vt
911 505 944 556 12
963 501 1076 556 termini
1098 501 1143 556 hio
1164 504 1194 556 ot
1215 500 1322 556 Oronio
1340 502 1370 556 in
1389 500 1494 572 quibus

366 617 369 622 ·
404 587 537 642 lectiones
565 588 720 644 ordinarias
746 589 857 644 audiuit
885 589 951 644 lieet
974 607 1030 644 non
1055 589 1169 644 omnino
1193 588 1348 645 seeundum
1374 589 1493 644 formam

393 676 507 737 'statuti
525 694 662 732 unacum
679 675 902 749 oppositionibus
919 666 1191 749 responsionibus'et
1206 676 1269 732 eliis
1286 677 1426 732 exercitiis
1444 695 1494 749 per

405 763 480 834 regio
492 767 601 819 statute
613 765 757 835 requisitis
768 764 910 821 sufficient
921 765 947 820 ei
959 765 995 820 sd
1007 763 1232 836 respondendum
1244 763 1385 834 questioni

336 852 410 906 item
423 851 584 908 conceditur
596 851 703 908 Thome
716 852 828 925 Lorkyn
841 857 899 908 vt8
912 853 1026 908 termini
1039 853 1068 908 in
1078 853 1182 924 quibus
1193 853 1327 909 lectiones
1338 853 1493 909 ordinaries

384 947 388 954 '
405 938 517 994 audiuit
528 937 594 994 iioet
603 957 660 994 nou
669 940 784 994 omnino
793 940 946 997 seeundum
957 942 1075 996 formem
1085 941 1187 997 stetuti
1196 959 1261 996 oum
1271 940 1494 1012 oppositionibus

339 1067 341 1071 ,
405 1026 632 1099 responsionibus
643 1033 673 1082 et
681 1028 745 1084 eliis
753 1029 892 1084 exercitiis
902 1029 981 1084 iuste
992 1030 1068 1101 regis
1079 1034 1190 1086 statuto
1198 1029 1342 1101 requisitis
1351 1030 1492 1086 sufficient

340 1169 342 1174 .
405 1118 430 1172 ei
442 1117 478 1173 sd
491 1118 716 1189 respondendum
728 1120 870 1189 questioni

337 1203 409 1257 Item
428 1202 590 1258 oonoeditur
608 1204 707 1259 Miloni
725 1205 847 1277 Buoloyo
865 1210 897 1260 vt
917 1210 948 1261 11
968 1205 1082 1261 termini
1100 1205 1130 1260 in
1149 1205 1253 1277 quibus
1270 1205 1404 1260 lectiones
1419 1203 1491 1259 ordi-

407 1292 499 1347 naries
520 1293 632 1348 sudiuit
653 1311 703 1365 per
722 1295 855 1350 maiorem
875 1300 985 1366 portem
1005 1295 1034 1350 in
1054 1299 1115 1349 toto
1135 1312 1200 1350 oum
1221 1291 1445 1366 oppositionibus
1463 1297 1493 1348 ot

405 1381 632 1454 responsionibus
644 1383 788 1454 requisitis
800 1385 942 1439 sufficient
953 1385 978 1438 ei
991 1383 1026 1439 ad
1040 1381 1264 1456 respondendum
1275 1383 1415 1454 questioni

392 1535 393 1538 ¹
441 1545 589 1602 Aoworthe
601 1545 654 1619 [et]
666 1547 692 1602 d.
707 1548 826 1602 Grsvott
838 1551 904 1603 uotu
916 1546 1042 1604 bsoohol:
1055 1517 1122 1603 ente
1133 1546 1397 1603 determinationem

335 1898 501 1964 Numerus
520 1897 826 1964 baoohsleureorum
846 1899 880 1963 in
903 1899 1029 1965 artibus
1051 1900 1143 1965 iuxts
1162 1901 1385 1966 senioritatem
1407 1906 1488 1966 1551

421 2092 582 2163 ¹Alyngtou
765 2092 792 2147 d.
807 2093 945 2149 Besmont
1171 2095 1268 2167 Yonge

441 2179 619 2235 Hendforthe
807 2180 941 2237 Culebutt
1174 2184 1276 2239 Welles

439 2269 550 2323 Smerte
806 2269 1002 2340 Blynkehorne
1174 2273 1227 2328 Lee

400 2357 427 2412 d.
442 2357 543 2428 Abney
808 2359 983 2430 Gyrlyngton
1132 2360 1159 2416 d.
1174 2361 1302 2417 Merksm

440 2445 531 2516 Gryoe
807 2445 919 2518 Lorlryn
1172 2448 1278 2505 Webbe

440 2533 601 2606 Dodingtou
806 2535 919 2590 Hutton
1172 2536 1285 2608 Gybbos

440 2623 549 2677 Turner
805 2621 944 2694 Whypley
1057 2659 1064 2668 -
1172 2624 1305 2680 Asshewo

439 2709 584 2783 Wyburne
765 2710 792 2765 d.
807 2711 917 2766 Rookes
1173 2712 1265 2768 Oooke

440 2800 538 2871 Har-vy
806 2799 953 2872 Gurdyner
1173 2800 1302 2871 Grsunge

439 2887 557 2958 Dskyns
805 2887 927 2942 ilunson
1173 2888 1308 2945 Gurleous
1320 2899 1404 2962 ipyne
1412 2889 1447 2962 (1)

439 2975 578 3048 Buokeley
806 2976 908 3032 Olerke
1173 2977 1275 3033 Brome

440 3064 558 3119 Newton
807 3065 884 3137 Peny

735 3463 885 3552 Magistri
908 3464 942 3529 iu
965 3461 1092 3528 artibus

336 3659 370 3713 In
389 3660 488 3731 primis
509 3659 672 3715 conceditur
691 3659 806 3715 domiuo
825 3659 963 3731 Culpeper
981 3663 1013 3713 vt
1034 3675 1134 3713 novem
1156 3659 1269 3714 termini
1291 3663 1355 3730 post
1379 3659 1491 3714 finalem

405 3749 466 3804 eius
477 3748 739 3804 determinationem
752 3749 782 3808 in
794 3747 897 3818 quibus
908 3747 1042 3803 lectiones
1054 3746 1209 3803 ordinaries
1225 3747 1337 3804 audiuit
1352 3747 1419 3803 lioet
1434 3765 1490 3801 non

404 3839 520 3892 omniuo
531 3837 685 3894 moundum
698 3838 817 3892 formem
829 3837 931 3892 statuti
945 3854 1010 3891 oum
1026 3835 1249 3908 oppositionibus
1265 3835 1491 3908 responsionibus

404 3932 434 3982 et
457 3927 521 3981 eliis
542 3927 681 3982 exercitiis
704 3944 755 3999 per
778 3931 888 3981 statute
912 3926 988 3996 regie
1011 3926 1155 3997 requisitis
1178 3925 1364 3980 sufficientoi
1389 3925 1425 3980 sd
1449 3925 1491 3980 in-

405 4013 564 4086 cipiendum
583 4016 613 4070 in
631 4014 741 4070 artibus

334 4101 441 4166 Eadem
459 4104 549 4173 311111
565 4102 599 4158 de
616 4102 700 4158 verbo
717 4103 746 4158 in
765 4101 881 4158 verbum
898 4101 1060 4156 oonoeditur
1076 4100 1191 4156 domino
1207 4099 1360 4172 Robynson
1377 4099 1492 4157 domino

404 4191 581 4260 Wstkynson
594 4189 709 4247 domiuo
722 4190 839 4260 Dekyns
851 4195 881 4244 et
892 4189 1006 4244 domino
1020 4187 1127 4243 Gerthe

362 4340 367 4346 Ι
398 4339 734 4424 11111111111111111111111
746 4385 795 4420 0111
804 4329 910 4420 1011111111
923 4369 1001 4432 along
1013 4369 1058 4421 the
1069 4369 1170 4422 bottom
1182 4368 1245 4432 edqe
1256 4368 1285 4420 oi
1295 4368 1340 4420 the
1351 4383 1425 4434 pege.
