3386 5114
337 343 397 404 186
768 358 881 406 onnon
904 357 997 405 soon
1019 357 1042 406 Δ
1323 338 1487 422 [1564-65

405 513 650 570 determinandum
667 532 732 569 cum
748 517 848 570 ceteris
862 515 1058 586 questionistis
1074 515 1114 568 sie
1131 517 1225 569 tamen
1244 519 1276 568 vt
1292 514 1353 567 eius
1368 509 1489 566 eruditio

404 601 484 670 prius
495 601 670 658 examinetur
681 608 710 657 et
723 602 895 673 approbetur
912 620 963 673 per
976 601 1181 657 examinatores
1201 600 1284 656 huius
1302 599 1369 654 enni
1385 603 1415 653 et
1430 602 1488 652 stet

405 688 543 757 reliquum
556 688 768 759 quadragesime

335 774 441 831 Eadem
453 776 544 845 gratia
556 777 719 832 conceditur
730 777 828 832 eodem
841 778 926 833 Clam.
942 777 1058 833 Browne
1069 778 1088 832 J
1089 796 1112 832 a
1129 779 1206 832 Price

336 863 441 917 Eadem
453 863 544 933 gratia
555 863 717 918 conceditur
728 865 825 919 eodem
840 865 906 934 Rog.
921 865 1015 936 Drury
1031 866 1072 920 sic
1088 874 1120 920 rt
1137 869 1195 920 stat
1209 866 1238 920 in
1255 865 1382 936 proxima
1400 861 1487 933 quad-

405 967 542 1020 ragosrma

336 1038 505 1094 Conceditur
528 1038 625 1093 eodem
642 1039 686 1094 Jo.
707 1039 851 1094 Diaborow
868 1041 926 1094 iam
943 1041 1018 1094 facto
1033 1040 1228 1111 ludimagistro
1247 1038 1390 1094 Waldensi
1410 1039 1442 1093 vt
1460 1036 1488 1091 ix

407 1126 519 1181 termini
538 1127 567 1180 in
587 1126 690 1197 quibus
708 1133 760 1181 eto
779 1127 921 1182 sufficiant
938 1134 983 1182 etc
1002 1130 1042 1182 sic
1061 1135 1092 1182 vt
1110 1129 1171 1184 sius
1186 1128 1308 1183 eruditio
1323 1133 1368 1182 etc
1386 1131 1416 1182 et
1432 1129 1489 1180 stet

405 1215 545 1286 reliquum
558 1214 770 1286 quadragesime
781 1234 846 1270 eum
858 1218 1055 1286 questionistis
1068 1217 1151 1272 huius
1163 1218 1229 1271 anni

336 1303 408 1356 Oum
420 1303 476 1356 hiis
487 1302 750 1358 determinauerunt
762 1322 796 1358 ex
808 1304 923 1374 collegio
937 1305 1022 1374 Regio
1034 1304 1138 1376 quibus
1151 1305 1228 1359 nulla
1240 1305 1331 1376 petita
1342 1309 1387 1358 est
1398 1321 1489 1374 neque

406 1409 536 1446 concessa
549 1392 586 1447 ab
601 1392 745 1447 academie
761 1394 852 1462 gratia
872 1394 973 1448 Matth.
993 1394 1072 1448 Allee
1092 1393 1159 1448 Rob.
1179 1393 1334 1448 Holbeame
1352 1391 1488 1447 Ezechieli

407 1479 509 1549 Teyior
521 1479 600 1535 Geor.
616 1479 763 1550 Laughton
778 1481 850 1534 Hen.
866 1481 961 1551 Hayee

758 1794 846 1860 Ordo
869 1794 1069 1859 senioritatis

479 1974 586 2028 Fourth
795 1975 888 2029 Ioveii
1113 1974 1265 2045 Robynson

477 2061 573 2115 Jamee
795 2061 903 2133 Byggos
1112 2062 1242 2116 Faukner

478 2149 611 2221 Wythers
797 2151 902 2204 Hulme
1114 2151 1216 2205 Giover

479 2237 635 2292 Ramesden
794 2237 934 2292 Stallarde
1115 2237 1227 2292 Walton

477 2325 588 2380 Oocken
794 2326 893 2380 Powell
1114 2325 1211 2396 Lakyn

477 2415 643 2486 Ooppynger
796 2415 903 2469 Gulson
917 2414 1039 2484 (Regin.)
1112 2413 1199 2468 Hoite

478 2501 596 2556 Hanbee
796 2502 903 2556 Gaison
916 2500 1046 2571 (Christi)
1115 2501 1245 2557 Leethlee

480 2588 603 2660 Norgate
797 2589 959 2659 Broughton
1114 2590 1220 2645 Barker

479 2677 599 2731 Blaxton
799 2677 881 2732 Hunt
1116 2679 1219 2750 Smyth
1232 2679 1361 2752 (Christi)

479 2764 554 2835 (lage
799 2765 901 2820 Hawes
1118 2767 1176 2821 Rie.
1191 2769 1292 2840 Smyth
1305 2769 1386 2839 (Tri.)

480 2852 592 2906 Heathe
798 2852 906 2906 Fourde
1117 2855 1188 2909 Heu.
1203 2856 1304 2927 Smyth
1318 2856 1399 2926 (ui.)

480 2940 631 3010 Farmaryc
795 2941 918 2994 Tomson
1114 2942 1254 3013 Lymbard

480 3027 617 3083 Gardiner
631 3029 727 3098 (Patr.)
793 3029 930 3082 Yeoloton
1113 3028 1295 3101 Wylliamson
1309 3029 1441 3104 [Wilson]

479 3117 563 3188 Aliey
798 3117 898 3172 erasse
1116 3117 1294 3191 Remyngton

480 3205 583 3275 Trasey
796 3205 912 3260 Bowthe
1115 3205 1257 3278 Heywood

481 3293 636 3348 Holbeame
797 3293 943 3367 Cornelius
1114 3294 1207 3349 Slater

481 3383 586 3435 Sutton
798 3379 883 3448 Owen
1114 3381 1373 3456 Oarney[Kee1-ne]

481 3471 602 3524 stanton
798 3467 906 3523 Greene
1118 3469 1226 3523 Haisali

800 3556 925 3627 Hicfflyn
1118 3557 1256 3612 Gardiner
1269 3558 1350 3629 (Gla.)

798 3645 886 3715 Seyer
899 3643 1037 3716 [Sawyer]
1115 3644 1221 3700 Webbe

797 3732 967 3804 Spierpoynt
1115 3733 1249 3804 Englishe

799 3821 878 3875 Price
1116 3821 1250 3877 Asheball

800 3907 994 3964 Vndeniowne
1117 3909 1254 3982 Haniyng

799 3997 950 4052 Lancaster
1120 3999 1266 4054 Knestubs

799 4085 923 4141 Wadson
1119 4087 1175 4144 cle.
1189 4088 1305 4142 Broune
1318 4089 1398 4159 (Tri.)

799 4173 920 4246 Bishope
1117 4177 1227 4248 Drurye

800 4261 931 4333 Oldiylde
1117 4264 1277 4320 Diaboroue

800 4351 876 4404 Dent
1118 4352 1307 4425 Luddyngton
