3394 5114
215 373 379 462 1567-68]
652 390 765 442 unica
788 391 879 442 Boon
903 395 925 442 Δ
1306 379 1368 443 213

285 546 389 603 bilibus
407 547 490 603 modo
512 555 683 619 peragantur
703 548 875 618 reliquarum
895 546 1122 617 disputationum
1141 564 1216 601 more
1234 548 1367 617 quoniam

284 636 423 691 ordinarie
448 654 545 691 omnes
569 636 775 708 disputationes
796 655 813 690 a
834 637 934 690 ceteris
958 641 1126 707 preocupate
1147 635 1194 690 vix
1216 635 1251 690 ad
1272 652 1367 689 eorum

284 724 408 795 ipsorum
420 729 501 779 actus
513 725 656 779 sufficiunt
668 729 698 779 et
710 725 769 795 ipse
782 725 891 778 diutius
903 741 920 778 a
933 724 1027 778 schole
1040 741 1091 778 sue
1103 724 1164 778 eine
1178 740 1278 793 magno
1296 723 1367 776 eius·

283 811 348 866 dem
361 812 531 866 detrimento
543 812 640 866 abesse
653 829 709 866 non
720 812 811 882 possit

214 900 320 954 Eodem
336 902 427 971 gratia
443 901 605 956 conceditur
621 905 653 955 21
672 901 740 955 Maii
756 900 781 955 d.
795 900 838 955 Jc.
853 900 953 955 Steme
970 899 1091 954 Eliensis
1104 900 1196 954 schole
1208 897 1367 970 hipodidas-

284 987 385 1042 calcet
398 987 424 1042 d.
440 988 511 1044 Hen.
526 988 641 1042 Gallont

214 1077 385 1132 Conceditur
397 1077 455 1148 xxj⁰
465 1077 533 1132 Maii
544 1077 569 1133 d.
582 1077 693 1131 Heathe
703 1081 734 1132 vt
744 1081 761 1132 9
772 1077 883 1132 termini
894 1083 938 1131 etc
948 1077 1089 1131 sufficiant
1098 1077 1123 1130 ci
1133 1075 1168 1130 ad
1178 1074 1367 1146 incipiendum

285 1167 314 1218 in
327 1166 436 1221 artibus
448 1169 489 1220 ita
501 1172 596 1220 tamen
612 1171 643 1220 vt
660 1167 721 1221 eius
738 1167 871 1220 admissio
888 1171 946 1220 siet
962 1167 987 1220 ei
1003 1183 1053 1236 pro
1072 1165 1219 1236 completis
1235 1164 1324 1234 gradu
1340 1169 1369 1217 et

285 1253 375 1307 forma
398 1259 427 1308 et
450 1253 621 1308 admittatur
644 1259 723 1308 extra
745 1254 919 1308 academiam
942 1253 1095 1324 abaliquo
1115 1271 1133 1306 a
1154 1251 1369 1323 procancellnrio

285 1343 427 1412 assignato
442 1343 575 1411 quoniam
587 1340 623 1395 cb
634 1359 747 1412 gravem
763 1341 897 1396 tibiarum
912 1342 1035 1396 dolorem
1053 1359 1109 1411 quo
1125 1341 1181 1394 iam
1197 1340 1247 1394 diu
1264 1339 1368 1393 labora

285 1431 328 1484 vit
339 1431 375 1484 ad
387 1430 559 1484 academiam
571 1436 638 1484 ante
649 1431 764 1485 comitia
776 1432 870 1485 venire
882 1449 937 1484 non
952 1434 1045 1501 potest
1057 1448 1109 1484 nec
1126 1430 1234 1484 diutius
1250 1427 1367 1498 gradum

285 1535 369 1571 auum
385 1521 531 1588 expectare
547 1519 608 1572 sine
624 1535 725 1588 magno
742 1535 793 1572 suo
810 1517 986 1572 incommodo
1003 1519 1043 1572 sic
1059 1522 1153 1571 tamen
1171 1521 1203 1571 vt
1219 1521 1367 1587 postquam

284 1606 458 1661 convaluerit
473 1605 518 1660 bis
535 1607 625 1660 variet
642 1607 671 1660 in
686 1606 806 1677 publicis
822 1607 924 1661 scholia
939 1607 1073 1677 quoniam
1091 1606 1127 1659 ob
1142 1622 1254 1676 gravem
1267 1610 1296 1658 et
1308 1603 1369 1656 diu·

286 1698 403 1748 turnum
420 1693 549 1748 morbum
565 1695 702 1752 hactenus
719 1711 775 1750 non
792 1695 886 1765 potuit
904 1694 1035 1750 omnibus
1054 1695 1113 1749 suis
1131 1693 1270 1748 exercitiis
1286 1692 1369 1746 satis-

286 1781 376 1836 iacere

642 2203 731 2270 Ordo
753 2205 952 2270 senioritatis

287 2414 433 2484 Copynger
667 2413 735 2468 Tho.
750 2413 993 2485 Broune(Pemb.)
1054 2413 1194 2484 Hayward

287 2502 404 2556 Watson
669 2502 803 2574 Lymbert
1050 2503 1146 2574 Hayes

671 2591 794 2660 Inglishe
1051 2591 1151 2663 Kynge

670 2679 792 2732 Stanton
1051 2679 1200 2750 Fermeryo

669 2766 754 2821 Simo.
768 2765 887 2837 Smythe
899 2765 989 2836 (Chr.)
1054 2766 1145 2820 Plaice

669 2853 766 2907 James
1052 2853 1246 2908 Vnderdcwne

1052 2941 1221 3012 Hyggenson

288 3031 408 3101 Symeon
1051 3030 1195 3084 Disborow

288 3117 394 3171 Barker
1053 3117 1156 3171 Sutton

289 3205 397 3259 Boothe
672 3204 817 3258 Knestubs
1054 3205 1188 3258 Hansone

242 3317 245 3325 ·
290 3291 424 3363 Hansbye
672 3292 777 3346 Oockes
1051 3293 1136 3348 Olem.
1151 3293 1266 3347 Browne
1282 3294 1372 3363 (Reg.)

290 3381 396 3434 Gulson
671 3380 773 3434 Hawes
1053 3381 1174 3452 Bishope

289 3469 415 3538 Thracye
672 3468 806 3523 Asheboll
1054 3469 1153 3524 Storna

289 3557 413 3626 Norgate
669 3558 803 3629 Wythers
1054 3558 1136 3612 Hunt

290 3645 445 3699 Hoibeame
672 3647 714 3699 Ri.
729 3645 831 3715 Smyth
846 3646 926 3716 (Tri.)
1054 3645 1153 3699 Crosse

291 3733 436 3803 Lnughton
671 3733 815 3786 Fauconer
1054 3733 1111 3786 Ric.
1127 3732 1265 3786 Gurdiner
1277 3733 1361 3801 (Pet.)

290 3820 379 3874 Wood
672 3820 839 3874 Blackstone
1056 3819 1149 3873 Fouid

289 3909 433 3978 Brougton
674 3907 761 3978 Sayer
773 3908 907 3980 [Sawyer]
1062 3907 1184 3962 Stallard

291 3996 373 4050 Dani.
388 3995 621 4066 Gardiner(Cla.)
676 3995 855 4067 Walkewyde
1063 3995 1177 4049 Gnllant
1213 4001 1247 4050 59

292 4084 396 4138 Shutte
680 4082 772 4136 Slater
