3344 5110
167 348 334 438 lest-45]
600 365 715 420 usuca
736 364 829 418 eoos
852 367 875 418 a
1282 345 1324 422 2?

238 524 361 595 suscepti
377 523 418 579 sic
433 521 509 594 quod
525 523 617 578 solvet
636 523 815 578 uniuersitati
831 522 919 593 xxvjs
936 521 1012 593 viijd
1030 523 1164 594 quoniam
1183 521 1325 578 doctorem

237 612 284 666 cui
295 610 463 683 respondeat
476 609 579 665 habeis
591 627 647 664 noo
659 614 754 680 potest

169 700 243 754 Item
260 698 423 754 conceditur
440 698 543 754 Joenui
564 698 657 752 saner
673 703 704 753 vt
721 697 849 754 studium
869 701 1038 756 vannorum
1056 699 1086 753 in
1105 697 1243 769 theologia
1262 703 1326 769 post

238 789 300 843 eius
317 788 503 843 necessariam
520 787 675 857 regentium
692 803 758 841 cum
775 786 886 842 duobus
903 787 1081 842 sermonibus
1096 804 1152 842 vno
1167 784 1204 842 ad
1220 785 1324 842 clerum

238 877 327 932 altero
344 876 381 931 ed
399 892 509 932 crucem
530 876 609 931 Pauli
629 875 752 932 sufficiat
770 875 825 931 sibi
843 876 879 931 ad
897 875 1094 948 opponendum
1112 882 1142 931 et
1162 874 1325 932 intuendum

239 965 268 1020 in
286 964 425 1036 theologia
441 964 483 1019 eie
500 964 575 1035 quod
592 964 683 1036 possit
699 963 813 1019 admitti
831 964 867 1019 ed
884 963 1021 1036 placitum
1039 971 1118 1018 extra
1129 963 1284 1019 torminum
1296 969 1326 1018 et

239 1051 407 1124 respoudeat
418 1056 485 1106 ante
497 1051 602 1107 lectum
621 1050 727 1106 Pasohe
744 1051 798 1107 sub
815 1067 888 1124 pena
905 1051 956 1106 xls
974 1052 1015 1107 ita
1031 1055 1128 1106 tamen
1146 1055 1178 1106 vt
1194 1051 1326 1105 conviuet

239 1157 295 1194 vna
305 1155 371 1194 oum
383 1139 483 1194 celetis
495 1138 580 1195 huius
592 1139 658 1194 enni
671 1138 880 1194 becoheleureie

581 1534 814 1602 Beoohaleurei
836 1536 916 1601 iuris

167 1702 203 1757 ln
221 1702 322 1774 primis
339 1702 502 1758 coneedItur
520 1701 658 1757 Eduardo
675 1701 801 1757 Cantrell
819 1705 851 1756 vt
871 1699 998 1755 studium
1019 1703 1035 1757 7
1056 1715 1195 1754 annorum
1214 1699 1245 1753 in
1267 1699 1326 1753 iure

237 1789 314 1845 ciuili
326 1790 380 1845 hac
391 1791 422 1846 in
434 1791 618 1846 vmuersitate
630 1790 752 1846 sufficiat
763 1791 789 1845 ei
801 1788 839 1844 ed
850 1787 1015 1844 intuendum
1027 1787 1058 1842 in
1069 1786 1167 1842 eodem
1179 1787 1240 1842 iure

164 1879 241 1934 Item
253 1878 415 1934 conceditur
425 1879 539 1935 dominc
551 1877 692 1934 Willelmo
709 1878 844 1934 Lechevt
859 1895 908 1932 sex
921 1894 1060 1932 annorum
1074 1875 1202 1931 studium
1218 1876 1248 1930 in
1266 1875 1326 1930 ime
1394 1939 1397 1948 4
1434 1955 1437 1962 ι

237 1966 314 2022 ciuili
326 1967 379 2022 hac
390 1969 420 2023 in
432 1967 618 2023 vniuemitete
630 1967 752 2022 sufficiat
763 1967 790 2021 ei
802 1966 838 2020 ed
851 1965 1016 2021 inti-endum
1028 1964 1059 2020 in
1071 1963 1169 2019 eodem
1181 1963 1241 2018 ium

166 2055 243 2110 Item
266 2054 429 2110 conceditur
452 2053 590 2110 Cutberto
610 2052 747 2126 Wytham
772 2059 804 2110 vt
828 2053 955 2110 studium
979 2071 1028 2108 sex
1052 2068 1190 2107 annorum
1211 2052 1241 2106 in
1265 2052 1325 2106 iure

238 2143 315 2197 ciuili
341 2149 435 2215 preter
458 2159 565 2197 cunum
587 2142 617 2196 in
638 2141 692 2196 hac
711 2141 896 2196 miuersitete
916 2140 1038 2194 sufficiat
1057 2138 1084 2193 ei
1104 2137 1141 2194 ad
1162 2137 1324 2194 intrandum

238 2231 268 2286 in
286 2231 383 2286 mem
402 2232 463 2286 iure

616 2625 668 2691 De
690 2625 878 2691 doctoribus

631 2803 672 2869 Iu
695 2801 859 2890 theologie

164 2983 203 3038 In
220 2983 319 3055 primis
334 2983 497 3040 conceditur
512 2985 648 3056 megistoo
660 2985 811 3056 Atkyneon
827 2984 1031 3056 vicepreposito
1045 2981 1151 3053 collegii
1169 2979 1280 3052 Regalis
1293 2987 1326 3039 vt

237 3069 365 3126 studium
386 3071 473 3127 trium
492 3089 629 3128 tuncrum
652 3072 681 3126 in
699 3071 840 3142 theologia
856 3077 922 3143 poet
939 3071 1000 3126 eius
1017 3071 1167 3126 intiuitum
1187 3070 1217 3126 in
1238 3070 1325 3127 libros

237 3159 442 3214 sententiarum
462 3176 526 3214 cum
542 3158 654 3215 duobus
669 3157 870 3233 [sermonibus]
883 3176 938 3214 vno
953 3157 990 3214 ad
1006 3158 1111 3213 clerum
1126 3157 1326 3214 examinatorio

236 3251 304 3300 ante
322 3246 383 3302 eius
403 3245 603 3303 admissionem
624 3247 714 3302 altero
735 3247 772 3302 ad
793 3264 903 3302 crucem
929 3246 1009 3302 Pauli
1030 3245 1151 3302 sufficiat
1171 3246 1198 3300 ei
1222 3244 1258 3301 ad
1282 3247 1324 3301 in·

237 3333 397 3404 cipiendum
414 3335 445 3389 in
463 3334 573 3392 autibus
591 3335 655 3406 (sic)

164 3422 242 3476 item
258 3421 420 3477 conceditur
435 3421 559 3478 Roberto
578 3422 703 3478 Recordo
727 3428 760 3477 vt
775 3421 903 3478 studium
924 3426 957 3476 12
975 3438 1113 3478 eunorum
1131 3421 1160 3476 in
1178 3419 1325 3477 medicinis

237 3511 387 3578 postquam
405 3507 568 3564 licentiatus
585 3508 672 3563 luerit
689 3507 726 3564 ed
745 3507 935 3579 incipiendum
954 3507 984 3561 in
1002 3505 1111 3562 artibus
1130 3505 1246 3562 Oxoniis
1265 3507 1323 3562 sui·

236 3595 313 3650 liciat
331 3596 357 3650 ei
376 3595 412 3651 ad
429 3596 621 3668 incipiendum
638 3596 668 3650 in
688 3595 786 3651 eedem
807 3595 943 3650 facultate
961 3595 1004 3650 ita
1021 3594 1096 3665 quod
1114 3595 1175 3650 sius
1190 3591 1324 3651 mmioeio

236 3687 295 3738 stet
317 3684 344 3738 ei
368 3701 419 3756 pro
442 3683 590 3757 completis
615 3683 704 3754 gradu
728 3689 758 3738 et
781 3684 872 3738 forma
895 3683 936 3738 sic
960 3683 1046 3738 etiam
1071 3687 1103 3737 vt
1126 3685 1193 3738 ante
1217 3681 1325 3737 Pascha

237 3772 373 3843 qmsdem
389 3771 596 3846 disputationes
612 3771 648 3828 ed
665 3773 757 3828 instar
772 3773 979 3827 commitiorum
995 3772 1025 3826 in
1042 3771 1181 3827 medicina
1195 3769 1325 3826 observet

163 3861 241 3916 Item
262 3860 443 3933 dispensatur
460 3879 526 3918 cum
547 3860 645 3917 eodem
669 3861 866 3933 precursoris
888 3860 1012 3932 quedem
1036 3860 1154 3915 lectione
1177 3858 1214 3914 ad
1237 3876 1323 3931 quam

236 3948 346 4004 rscioue
364 3947 467 4018 gredue
487 3947 734 4005 bacchalaureatue
751 3948 782 4003 in
799 3947 939 4003 medicina
955 3951 1099 4004 teneretur
1114 3947 1249 4018 quoniam
1266 3946 1323 4001 iam

236 4053 301 4090 cum
318 4035 416 4092 doctor
432 4037 472 4092 sit
488 4037 611 4092 cumeris
628 4037 718 4107 legere
735 4034 880 4091 commode
898 4052 954 4089 non
976 4038 1070 4106 potest
1090 4051 1142 4089 nec
1160 4032 1189 4088 id
1207 4032 1244 4089 ab
1261 4033 1324 4088 aliis

235 4128 303 4180 ente
320 4141 384 4179 eum
403 4122 565 4180 doctoribus
583 4123 753 4194 requisitum
771 4121 810 4177 sit
