3378 5116
195 347 363 432 1562-63]
627 363 741 412 oaxen
763 363 856 412 soon
879 365 902 410 Δ
1130 393 1132 396 -
1288 345 1351 408 169

194 516 365 573 Conceditur
375 519 402 590 xj
417 517 580 574 Decembris
591 517 769 575 vtterminue
778 516 912 571 hodierno
921 515 967 571 die
976 515 1148 570 dissolvatur
1156 511 1353 568 nonobstante

265 611 376 663 statuto
387 607 430 662 ita
441 611 538 663 tamen
550 611 582 663 vt
593 606 654 662 dies
667 606 746 661 Luna
757 609 787 661 et
800 605 902 660 Martis
914 604 1034 676 proximi
1046 606 1215 658 censeantur
1230 619 1280 673 pro
1296 601 1353 656 die·

264 695 440 767 putabilibus
452 700 513 752 tam
526 696 562 751 ad
574 696 725 766 magistros
736 694 930 765 disputaturos
942 709 1028 764 quam
1041 691 1077 746 ad
1091 690 1214 746 bedellos

195 782 225 837 It
241 799 297 838 was
312 783 449 854 graunted
466 783 515 838 the
531 783 586 855 xxij
606 782 637 837 oi
651 783 716 837 Dec
730 783 795 837 that
808 782 850 836 Mr
861 781 959 836 doctor
971 780 1064 836 Baker
1075 779 1190 834 Wellxer
1202 778 1311 834 Fourth
1324 783 1354 832 et

266 871 393 927 Hatcher
405 873 447 926 Mr
459 872 558 944 Lakyn
570 873 626 926 and
640 871 751 943 Worley
764 870 865 926 should
877 870 913 926 be
925 870 1023 941 iudges
1035 869 1156 940 deligata
1168 869 1198 923 in
1211 867 1260 922 the
1272 884 1354 922 cause

266 959 297 1014 oi
311 960 482 1031 appellation
500 960 667 1032 dependyng
685 959 809 1015 betwene
830 960 872 1015 llr
889 960 981 1030 Ledys
999 958 1054 1014 and
1073 959 1143 1014 Tho.
1159 955 1306 1028 Harryson
1323 973 1354 1010 so

266 1047 331 1102 that
342 1049 373 1119 yt
384 1065 449 1119 may
462 1047 498 1103 be
510 1047 547 1118 by
559 1056 607 1120 yor
619 1047 762 1102 authorite
774 1047 893 1119 ratyfied
906 1047 971 1102 that
983 1046 1033 1101 the
1045 1051 1120 1100 most
1131 1051 1213 1118 parte
1224 1045 1256 1100 of
1265 1043 1354 1099 theim

267 1136 340 1192 shall
358 1137 522 1208 determyne
537 1136 592 1192 and
609 1135 701 1207 Judge
714 1135 808 1191 before
824 1145 854 1206 y⁰
871 1137 959 1191 ieaste
975 1136 1007 1190 oi
1020 1134 1194 1190 Christemas
1213 1140 1296 1192 nexta
1312 1137 1354 1192 in·

267 1242 374 1296 ⁸UF¹¹8⁸

195 1311 365 1368 Conceditur
380 1313 445 1367 xxix
460 1312 591 1368 lanuarii
608 1317 639 1366 vt
656 1312 872 1368 determinaturi
894 1313 1005 1383 possint
1025 1311 1193 1382 respondere
1212 1311 1354 1383 questioni

266 1404 331 1471 post
342 1401 567 1471 purificationem
580 1400 661 1456 beate
675 1401 764 1456 Marie
777 1419 832 1455 non
845 1400 976 1455 obstante
989 1403 1099 1455 statuto

196 1487 366 1542 Conceditur
377 1506 395 1543 v
408 1487 553 1544 Februarii
565 1494 598 1543 vt
610 1487 736 1560 magistri
750 1489 839 1559 Legge
851 1493 880 1543 et
890 1487 992 1542 Welles
1004 1488 1063 1542 sint
1075 1491 1169 1542 vestra
1180 1486 1354 1543 authoritate

265 1576 470 1631 examinatores
483 1576 737 1647 questionistarum
750 1593 800 1646 pro
813 1576 866 1630 hoc
878 1593 953 1630 anno

197 1659 368 1714 Conceditur
392 1664 426 1714 29
448 1659 577 1715 Januarii
601 1663 634 1712 vt
657 1660 801 1729 responsio
825 1658 861 1714 ad
885 1677 971 1730 quam
993 1664 1107 1714 tenetur
1131 1659 1265 1730 magister
1293 1657 1354 1712 Bell

266 1742 376 1797 ratione
387 1742 491 1813 gradm
504 1742 548 1796 sui
565 1743 688 1813 suscepti
701 1742 758 1797 iam
771 1742 807 1797 ad
819 1744 1047 1799 convocationem
1063 1745 1224 1800 elericorum
1239 1747 1355 1798 vocatus

267 1832 357 1902 possit
369 1830 474 1886 differri
487 1847 575 1901 usque
590 1829 626 1885 ad
641 1830 746 1886 festum
758 1831 850 1886 sancti
861 1830 880 1885 J
881 1830 1001 1886 ohannis
1014 1832 1144 1903 Baptista
1156 1832 1217 1886 eine
1230 1829 1354 1886 ulteriori

266 1918 402 1974 dilatione
419 1917 473 1974 sub
487 1935 561 1990 pona
572 1919 712 1974 cautionis
724 1919 867 1974 nominate
880 1919 910 1973 in
923 1918 1014 1990 priore
1030 1919 1121 1990 gratia
1133 1918 1172 1992 [p.
1189 1918 1250 1992 149]
1264 1917 1354 1989 (ioris-

268 2009 335 2064 iecit
346 2009 445 2080 marg.)

197 2095 367 2151 Conceditur
379 2098 414 2150 29
425 2095 554 2150 ianuarii
567 2100 599 2150 vt
612 2095 750 2166 incepturi
764 2095 793 2149 in
806 2096 916 2150 artibus
927 2095 1032 2166 quibus
1043 2094 1148 2150 desunt
1159 2095 1354 2166 responsiones
1366 2089 1385 2147 f.
1403 2089 1468 2148 722

267 2182 302 2238 ad
318 2183 437 2254 gradum
455 2182 665 2253 suscipiendum
683 2183 819 2253 requisite
837 2169 947 2252 possint
964 2181 1132 2252 respondere
1150 2181 1293 2252 magistris
1312 2199 1353 2236 re·

266 2270 397 2340 gentibus
408 2269 508 2324 diebus
521 2287 576 2324 non
587 2267 806 2340 disputabilibus
813 2273 881 2322 ante
889 2268 1004 2323 comitia
1012 2269 1139 2340 proxima
1148 2269 1173 2324 si
1183 2287 1254 2340 opus
1266 2270 1353 2324 fuerit

269 2359 305 2415 ad
316 2359 536 2429 assignationem
547 2357 655 2413 domini
667 2357 875 2428 procancellarii

198 2447 369 2504 Conceditur
385 2445 482 2500 eodem
502 2451 534 2500 vt
551 2445 685 2516 magister
702 2443 800 2500 doctor
819 2446 907 2517 Porye
924 2445 1049 2516 magistri
1067 2445 1182 2501 Walker
1196 2445 1308 2519 Worley
1321 2450 1352 2501 et

269 2533 359 2604 Legga
382 2533 492 2604 possint
515 2530 645 2602 supplere
667 2530 741 2584 vices
759 2528 906 2584 doctorum
926 2529 1014 2584 Perne
1032 2529 1126 2585 Furde
1143 2535 1173 2584 et
1191 2529 1305 2586 Walker
1322 2533 1352 2585 et

267 2621 395 2692 magistri
407 2619 536 2675 Abithell
548 2618 709 2674 absentium
722 2618 752 2673 in
764 2619 818 2672 hoc
830 2635 966 2673 concursu
978 2622 1092 2673 tantum

125 2772 130 2784 ¹
199 2707 369 2764 Conceditur
380 2709 420 2763 vi⁰
428 2706 572 2762 Februarii
585 2706 720 2778 magistro
732 2705 801 2760 Red.
816 2704 942 2760 Cowlton
954 2710 986 2759 vt
998 2706 1037 2760 eit
1049 2721 1121 2760 vnus
1132 2722 1166 2760 ex
1173 2705 1352 2776 predicatori-

270 2796 322 2852 bus
331 2796 383 2851 hoc
393 2813 467 2850 anno
474 2812 524 2866 per
531 2793 704 2849 academiam
711 2792 875 2848 emittendis
883 2796 913 2847 et
922 2791 1065 2864 superhac
1075 2797 1169 2848 vestra
1176 2794 1353 2848 concessione

269 2885 365 2940 literas
377 2883 481 2939 habeat
493 2883 584 2953 sigillo
596 2888 690 2938 vestro
701 2883 844 2937 communi
857 2880 1019 2952 obsignatas

200 2975 305 3029 Eadem
317 2974 408 3044 gratia
419 2971 582 3027 conceditur
593 2963 691 3026 eodem
703 2971 837 3042 magistro
855 2971 935 3027 Edm.
954 2969 1110 3026 Sherbrolxe
1146 2971 1192 3025 xix
1209 2969 1353 3025 Februarii

270 3063 403 3132 magistro
420 3061 489 3116 Tho.
503 3060 619 3115 Browne
656 3063 688 3114 14
706 3059 776 3114 Maii
792 3060 836 3114 Jo.
851 3059 964 3115 Walker
979 3064 1009 3115 et
1026 3065 1055 3114 2⁰
1070 3059 1142 3115 ‚Iulii
1158 3060 1293 3131 magistro
1308 3058 1352 3116 Jo.

270 3151 386 3222 Bridges

200 3238 370 3294 Conceditur
381 3241 428 3292 220
441 3237 537 3292 Martii
555 3242 589 3291 ut
603 3240 763 3308 postremus
779 3242 860 3291 actus
876 3235 1032 3293 celebretur
1047 3236 1093 3292 die
1110 3237 1211 3293 Martis
1228 3238 1354 3309 proximo

270 3326 404 3397 quoniam
416 3323 477 3379 dies
489 3323 507 3378 J
508 3323 569 3378 ovis
581 3324 653 3379 festo
665 3322 729 3378 dive
742 3323 831 3378 Maria
843 3323 956 3379 dicatur

199 3413 370 3469 Conceditur
387 3413 420 3484 ij⁰
438 3413 545 3485 Aprilis
566 3417 599 3466 vt
620 3412 753 3482 magister
774 3412 930 3468 Shakloclxe
947 3411 1052 3467 habeat
1070 3417 1164 3468 vestra
1181 3411 1355 3468 authoritate

269 3501 366 3556 literas
377 3499 597 3556 conversationis
609 3505 640 3555 et
651 3498 754 3569 gradus
766 3499 858 3569 sigillo
869 3503 964 3554 vestro
976 3497 1139 3570 obsignatas

199 3589 370 3646 Conceditur
384 3589 430 3643 xix
442 3587 587 3643 Februarii
605 3591 636 3641 vt
652 3585 713 3640 dies
725 3586 857 3642 Mercurii
869 3587 1016 3657 proximus
1027 3586 1135 3641 scilicet
1151 3585 1212 3641 diss
1228 3587 1354 3642 cinerum

270 3679 309 3734 sit
324 3683 439 3750 propter
455 3677 663 3733 solemnitatem
681 3675 859 3730 comitiorum
877 3675 938 3731 dies
953 3674 1134 3748 disputabilis
1150 3693 1207 3731 non
1224 3675 1355 3732 obstante

269 3772 380 3823 statuto

197 3855 367 3912 Conceditur
378 3853 415 3925 xij
429 3853 447 3908 J
448 3853 508 3908 unii
519 3859 551 3908 vt
562 3852 696 3924 magister
706 3852 814 3908 Master
822 3852 913 3923 possit
922 3852 1025 3908 habere
1034 3853 1129 3908 omnia
1136 3853 1199 3908 iura
1207 3853 1355 3924 pensiones

268 3943 416 3999 commoda
431 3946 461 3997 et
478 3942 625 4012 priuilegia
641 3959 697 4012 que
713 3941 750 3996 ad
767 3941 889 3996 officium
902 3941 1021 3996 oratoris
1032 3942 1176 4012 pertinent
1188 3946 1248 3997 tam
1260 3943 1354 4013 amplo

270 4031 352 4086 modo
364 4047 450 4100 quam
462 4029 548 4083 ceteri
561 4029 721 4083 habuerunt
734 4028 783 4097 qui
796 4031 864 4081 ante
877 4044 941 4081 eum
956 4027 1007 4081 hoc
1020 4043 1136 4082 munere
1148 4027 1239 4082 functi
1251 4033 1320 4082 sunt

199 4119 369 4176 Conceditur
381 4116 428 4188 ij⁶⁰
439 4115 509 4171 Julii
520 4119 552 4171 vt
563 4114 699 4169 Ricardus
710 4111 862 4186 Robyn'son
874 4114 1000 4170 bedellus
1012 4115 1102 4186 possit
1114 4115 1143 4168 in
1156 4114 1219 4170 istis
1232 4117 1355 4171 comitiis

268 4207 399 4278 supplere
411 4205 486 4260 vices
498 4203 625 4274 magistri
638 4202 788 4258 Brumstad
802 4203 859 4257 iam
870 4202 994 4273 maniter
1005 4203 1160 4272 egrotantis

197 4296 367 4352 Conceditur
378 4293 476 4350 eodem
489 4300 520 4348 vt
533 4292 666 4362 magister
682 4291 812 4346 Andreas
827 4290 1003 4362 Oxenbridge
1020 4291 1123 4346 habeat
1139 4292 1236 4346 literas
1252 4294 1355 4362 gradus

267 4391 296 4440 et
308 4383 528 4440 conversationis
541 4399 590 4436 sue
602 4383 781 4452 consignatas
793 4380 884 4452 sigillo
897 4385 990 4436 vestm
1002 4382 1145 4436 communi
