3378 5116
340 352 404 414 151
774 361 886 412 onnon
908 361 1001 412 noos
1024 363 1047 411 1
1330 339 1496 430 [recl-or

220 518 240 577 f.
257 517 326 577 6311
339 522 510 579 Conceditur
537 525 571 577 12
596 521 759 576 Decembris
782 521 945 577 Christiano
970 521 1104 577 Macabeo
1128 521 1256 593 Alpinati
1281 521 1312 576 in
1338 517 1497 576 Haffniensi

409 611 551 666 academia
563 608 617 666 sub
629 615 736 665 rectore
745 609 864 665 Alberto
874 611 1026 683 Knoppero
1037 611 1130 682 legum
1142 610 1255 666 doctore
1266 609 1384 682 gradum
1396 607 1497 663 bacha·

409 699 553 754 laureatus
571 699 600 752 in
617 698 793 770 philosophia
810 699 976 769 suscipienti
994 703 1026 752 11
1044 701 1101 752 stet
1119 697 1166 753 hic
1183 697 1259 769 apud
1276 715 1326 752 vos
1343 697 1373 751 in
1392 694 1497 751 eisdem

408 786 497 859 gradu
508 791 539 842 et
550 804 625 842 anno
637 787 741 857 quibus
754 787 809 842 fuit
821 787 851 841 in
863 786 941 841 dicta
952 785 1097 841 academia

339 877 423 933 Mem.
434 876 509 948 quod
523 875 697 932 Haffniensis
708 876 851 931 academia
863 879 906 931 est
918 876 948 930 in
962 875 1054 930 Dania
1066 881 1095 930 11
1104 874 1179 946 quod
1192 874 1335 946 predictus
1349 870 1498 928 Macabcus

409 963 529 1034 Alpinas
553 963 662 1018 dictum
686 962 804 1033 gradum
826 961 951 1032 suscepit
971 960 1025 1015 sub
1045 960 1170 1032 predicto
1191 963 1298 1014 rectore
1316 964 1347 1014 11
1365 958 1498 1029 magistro

412 1050 496 1106 Paulo
524 1049 649 1105 Matthia
671 1047 848 1120 philosophie
871 1047 976 1103 decano
1000 1065 1074 1102 anno
1097 1047 1205 1102 domini
1232 1050 1301 1101 15118
1325 1046 1371 1101 (111
1396 1045 1498 1101 Martis

410 1137 537 1209 proximo
554 1142 623 1192 ante
640 1137 744 1191 festum
764 1135 869 1190 Pasche

340 1225 511 1281 Conceditur
535 1229 571 1280 20
597 1225 693 1280 Martii
718 1224 761 1281 W.
790 1224 892 1296 Iswyn
918 1230 950 1278 vt
978 1227 1012 1278 10
1036 1223 1151 1278 termini
1178 1223 1208 1280 in
1234 1216 1339 1294 quibus
1365 1220 1499 1275 lectiones

411 1314 566 1370 ordinarias
584 1313 696 1369 audiuit
711 1314 778 1368 licet
795 1331 851 1368 non
869 1313 985 1368 omnino
1002 1312 1158 1368 secundum
1174 1312 1295 1367 formam
1312 1310 1416 1366 statuti
1434 1325 1499 1364 cum

410 1402 635 1475 oppositionibus
658 1401 887 1474 responsionibus
911 1406 941 1456 et
964 1401 1028 1456 aliis
1051 1400 1192 1456 exercitiis
1215 1417 1266 1472 per
1289 1399 1365 1470 regia
1389 1401 1499 1453 statuta

410 1492 555 1564 requisitis
572 1492 714 1548 sufficiant
732 1493 757 1548 ei
777 1509 827 1563 pro
845 1491 993 1563 completis
1010 1492 1099 1563 gradu
1117 1497 1147 1545 11
1166 1490 1255 1545 forma
1273 1488 1450 1544 bachalaurci
1468 1487 1498 1542 in

411 1579 521 1635 artibus
545 1581 585 1635 sic
609 1585 641 1634 vt
665 1580 726 1635 eius
750 1580 871 1635 eruditio
899 1581 978 1652 prius
1003 1580 1179 1635 examinetur
1202 1583 1232 1634 11
1255 1575 1427 1649 approbetur
1449 1592 1500 1646 per

411 1670 616 1723 examinatores
634 1669 719 1723 huius
736 1669 803 1723 anni
822 1673 852 1722 et
870 1673 927 1722 stet
944 1669 974 1723 in
991 1668 1118 1739 proxima
1134 1668 1350 1738 quadragesima
1365 1668 1499 1739 quoniam

412 1758 473 1812 sine
485 1774 587 1828 magno
599 1758 659 1812 eius
671 1756 848 1812 incommodo
859 1756 968 1812 diutius
980 1761 1126 1828 expectare
1137 1773 1193 1810 non
1206 1756 1296 1828 possit

342 1845 448 1901 Eodem
460 1846 558 1901 1111111
569 1846 660 1917 gratia
671 1845 833 1901 conceditur
845 1845 863 1900 J
865 1865 889 1901 o.
903 1846 994 1918 Stylle

745 2305 892 2392 Magistri
917 2305 948 2368 in
975 2305 1104 2370 artibus

343 2499 513 2556 Conceditur
530 2501 645 2556 domino
665 2501 760 2556 Lause
780 2505 812 2554 12
832 2500 994 2556 Decembris
1010 2505 1042 2556 vt
1061 2505 1078 2556 9
1096 2501 1210 2556 termini
1228 2505 1293 2573 post
1311 2501 1422 2556 finalem
1440 2500 1501 2556 eius

414 2590 677 2645 determinationem
702 2588 858 2659 inquibus
882 2589 1015 2644 lectiones
1040 2589 1195 2644 ordinarias
1219 2589 1331 2644 audiuit
1355 2589 1421 2645 licet
1445 2607 1501 2644 non

414 2677 528 2731 omnino
544 2675 699 2730 secundum
716 2675 836 2730 formam
852 2675 955 2730 statuti
973 2693 1038 2730 cum
1053 2675 1145 2731 tribus
1159 2675 1387 2748 responsionibus
1399 2682 1429 2730 11
1440 2676 1503 2731 aliis

413 2764 554 2818 exercitiis
570 2781 620 2834 per
636 2768 746 2818 statuta
761 2763 902 2819 academie
916 2765 1060 2835 requisitis
1072 2765 1213 2819 sufficiant
1225 2765 1250 2819 ei
1263 2763 1299 2819 ad
1312 2764 1502 2835 incipiendum

414 2851 444 2904 in
456 2851 566 2906 artibus
632 2851 683 2921 vjw
695 2849 841 2906 Februarii
854 2851 1017 2906 conceditur
1029 2852 1126 2908 cadem
1138 2853 1229 2924 gratia
1241 2852 1268 2907 d.
1283 2853 1381 2907 Butler
1394 2853 1502 2924 Laytcn

415 2937 466 3007 vjw
478 2927 577 2991 Martii
588 2936 615 2991 d.
629 2935 732 2991 Wolles
746 2936 850 2991 Oxiord
864 2937 1001 2992 Bradford
1013 2937 1100 2993 Ward
1113 2937 1236 2993 Burman
1249 2937 1379 2993 Wethers
1393 2939 1504 2994 Harnes

415 3023 507 3094 primo
529 3024 597 3078 Maii
618 3023 645 3080 d.
665 3023 812 3095 Ohapman
835 3024 955 3096 Symeon
977 3025 1093 3080 Browue
1115 3031 1144 3080 11
1167 3025 1330 3098 Parkynson
1379 3043 1415 3080 xv
1434 3025 1502 3080 Maii

415 3107 441 3162 d
456 3107 595 3179 Beryman
608 3113 638 3162 et
650 3127 686 3162 xx
698 3107 715 3162 J
718 3108 778 3162 unii
790 3106 817 3163 d.
832 3109 900 3163 Hell

345 3195 514 3251 Conceditur
526 3199 543 3250 6
556 3195 700 3251 Februarii
713 3196 859 3251 Anthonio
869 3197 1065 3269 Goldyngham
1077 3197 1231 3268 presbitero
1243 3205 1274 3252 vt
1286 3197 1413 3253 studium
1425 3215 1443 3251 x
1454 3215 1503 3252 an·

416 3301 515 3340 norum
535 3285 565 3338 in
583 3284 797 3340 humanioribus
815 3290 845 3340 11
862 3287 949 3341 sacris
969 3287 1059 3341 literis
1079 3287 1182 3358 partim
1201 3288 1231 3340 in
1250 3286 1303 3340 hac
1320 3286 1505 3341 uniuersitate

416 3372 520 3442 partim
538 3372 569 3426 in
587 3372 785 3428 transmarinis
802 3373 932 3444 portibus
949 3391 1014 3428 cum
1033 3372 1259 3445 oppositionibus
1277 3373 1504 3444 responsionibus

417 3463 445 3513 et
463 3457 527 3513 aliis
547 3459 687 3514 exercitiis
705 3477 756 3531 per
775 3461 852 3531 regia
871 3465 982 3516 statuta
1003 3461 1147 3532 requisitis
1166 3461 1288 3516 sufficiat
1306 3461 1332 3515 ei
1352 3461 1389 3516 ad
1408 3462 1504 3533 incipi·

416 3544 520 3601 endum
534 3547 563 3601 in
575 3546 686 3602 artibus
699 3548 740 3602 ita
749 3553 844 3603 tamen
856 3553 887 3602 vt
897 3554 990 3603 vestra
999 3549 1172 3603 authoritate
1184 3547 1351 3620 respondeat
1363 3549 1392 3604 in
1405 3549 1505 3604 habitu

417 3633 593 3691 bachalaurei
606 3635 636 3690 in
649 3636 759 3692 artibus
771 3642 801 3692 et
813 3637 905 3692 solvat
917 3638 1096 3693 uniuersitati
1109 3655 1167 3692 xrs

347 3723 517 3779 Conceditur
533 3741 568 3777 xx
581 3723 598 3778 J
601 3725 660 3778 unii
679 3723 827 3780 Franciscc
840 3725 948 3797 Oooper
959 3730 992 3781 vt
1004 3726 1131 3781 studium
1144 3745 1162 3780 x
1175 3743 1313 3780 annorum
1330 3726 1360 3781 in
1377 3726 1504 3782 humani-

417 3807 513 3864 oribus
524 3809 615 3864 literis
627 3827 692 3866 cum
705 3811 929 3883 oppositionibus
940 3821 993 3870 etc.
1007 3817 1039 3867 vt
1050 3830 1136 3884 supra
1148 3830 1213 3867 cum
1225 3813 1351 3868 1111111111
1359 3818 1392 3867 vt
1404 3813 1506 3869 audeat

418 3897 447 3951 in
460 3896 559 3952 habitu
572 3906 602 3953 et
613 3898 705 3953 solvat
716 3918 752 3954 xx
762 3919 776 3954 s

230 3983 250 4040 i.
269 3983 334 4040 641
347 3987 412 4042 Vna
423 4003 488 4040 cum
500 3988 545 4041 his
558 3989 723 4059 inceperunt
734 3989 770 4043 de
781 3990 895 4060 collegio
909 3990 994 4061 Regio
1005 3990 1109 4060 quibus
1122 3990 1200 4045 nulla
1211 3992 1302 4062 grstia
1314 3992 1405 4062 petita
1417 4009 1507 4063 neque

418 4073 590 4145 dispensatio
602 4093 733 4130 concessa
744 4077 770 4133 d.
785 4078 885 4132 Olarke
897 4086 926 4133 et
937 4078 964 4133 d.
979 4079 1097 4150 Smythe
