3422 5116
767 348 881 398 usses
904 349 996 398 soor
1019 350 1042 397 Δ
1323 331 1490 418 [1548-49

673 705 904 772 Beccheleurei
927 707 961 772 in
984 706 1149 794 theologia

331 891 366 945 In
379 892 478 962 primis
492 891 654 948 conceditur
666 894 800 963 magistro
813 894 929 950 Bmwne
942 901 973 950 vt
985 895 1111 951 studium
1124 900 1141 950 8
1154 913 1291 951 annorum
1309 897 1337 950 in
1350 896 1489 966 theologia

401 987 551 1052 postquem
569 982 671 1036 rexerit
686 982 716 1037 in
732 981 842 1037 artibus
857 1000 922 1038 cum
940 983 1050 1038 duobus
1067 984 1243 1039 sermonibus
1261 1003 1316 1038 vno
1332 983 1368 1038 ed
1382 983 1487 1038 clerum

402 1069 490 1124 eltero
509 1069 545 1124 ed
564 1087 675 1125 crucem
695 1071 775 1124 Peuli
793 1077 822 1125 et
843 1088 908 1125 cum
928 1089 983 1126 vne
1000 1073 1180 1142 responsione
1197 1090 1271 1127 enno
1289 1072 1415 1144 proximo
1434 1071 1488 1127 sub

401 1173 475 1228 pene
486 1157 624 1211 cautionis
636 1158 719 1212 reelis
733 1158 770 1212 xl·
782 1158 909 1230 ponende
920 1159 950 1213 in
963 1159 1094 1214 menibus
1110 1166 1321 1231 procuretonrm
1335 1165 1487 1230 entequem

402 1245 572 1301 admittatur
596 1247 717 1301 sufficiet
740 1249 766 1301 ei
791 1252 853 1302 tem
876 1247 912 1302 ed
936 1247 1133 1319 opponendum
1157 1265 1242 1319 quem
1268 1249 1432 1304 intrandum
1459 1249 1487 1303 in

403 1333 542 1404 theologis

333 1419 439 1475 Eadem
451 1421 541 1491 gretie
553 1420 588 1476 de
600 1421 684 1476 verbo
697 1423 725 1476 in
739 1423 855 1477 verbum
867 1422 1029 1477 conceditur
1041 1423 1174 1492 magistro
1186 1423 1310 1478 Fewcett

334 1506 408 1561 Item
420 1505 582 1562 conceditur
593 1507 707 1562 domino
719 1509 847 1563 Sksmler
859 1515 891 1564 vt
907 1508 1033 1564 studium
1046 1513 1063 1563 8
1075 1527 1213 1564 annorum
1228 1509 1258 1564 in
1270 1511 1408 1580 theologie
1424 1517 1489 1582 post

403 1593 520 1664 gredum
534 1593 781 1651 beccheleureetus
793 1598 822 1650 in
835 1595 945 1651 ortibus
957 1600 1119 1668 susceptum
1129 1614 1185 1651 vne
1196 1615 1259 1652 cum
1268 1597 1379 1653 duobus
1387 1617 1488 1653 sermo

402 1681 486 1736 uibus
499 1699 553 1736 vno
565 1682 601 1737 ed
613 1683 717 1737 clerum
730 1684 819 1738 altero
830 1684 866 1739 ed
879 1701 988 1738 crucem
1003 1685 1082 1738 Peuli
1094 1689 1124 1738 et
1137 1702 1202 1739 cum
1215 1685 1296 1740 vnice
1311 1687 1489 1756 responsione

402 1787 477 1824 enno
488 1771 615 1842 proximo
628 1769 681 1824 sub
692 1789 766 1842 pene
777 1773 916 1826 cautionis
928 1773 1010 1826 melis
1022 1773 1060 1826 nl¹
1069 1774 1196 1844 ponende
1207 1774 1237 1828 in
1249 1772 1380 1829 menibus
1392 1792 1488 1846 procu·

402 1865 528 1914 retorum
545 1864 698 1929 antequem
714 1859 885 1916 admittatur
900 1861 1021 1916 sufficiet
1033 1861 1059 1916 ei
1074 1868 1133 1916 tem
1146 1861 1182 1916 ed
1194 1863 1390 1934 opponendum
1403 1881 1488 1934 quem

403 1947 566 2002 intrandum
579 1949 609 2002 in
621 1947 759 2019 theologis

333 2035 408 2090 Item
428 2035 591 2090 conceditur
612 2036 746 2106 msgistro
767 2037 880 2094 Hutton
903 2044 934 2092 vt
954 2035 1082 2092 studium
1104 2041 1119 2096 7
1141 2055 1278 2094 eunomm
1299 2039 1329 2094 in
1350 2039 1490 2110 theologie

402 2127 553 2193 postquem
571 2123 674 2178 rexerit
690 2124 719 2177 in
734 2123 844 2179 ertibus
859 2142 924 2179 cum
941 2123 1052 2178 duobus
1068 2124 1243 2180 sermonibus
1260 2143 1314 2180 vno
1331 2125 1368 2180 ed
1384 2125 1489 2181 clerum

403 2211 492 2266 altero
509 2210 546 2265 ed
562 2228 673 2266 crucem
692 2212 772 2266 Peuli
788 2218 898 2266 etcum
915 2213 997 2266 vnice
1012 2213 1191 2284 responsione
1206 2232 1281 2268 enno
1295 2215 1420 2285 proximo
1436 2212 1490 2268 sub

403 2317 476 2371 pene
491 2299 630 2353 cautionis
647 2299 684 2352 xl·
700 2298 828 2370 ponende
846 2299 876 2353 in
894 2299 1026 2353 menibus
1043 2305 1254 2370 procuratorum
1272 2307 1424 2370 antequem
1442 2299 1489 2354 ed·

403 2387 535 2441 mittetur
546 2385 668 2440 sufficiet
678 2385 705 2441 ei
717 2393 777 2440 tem
789 2385 825 2440 ed
835 2385 1032 2456 opponendum
1042 2403 1128 2457 quem
1137 2387 1300 2441 intr-endum
1313 2387 1343 2440 in
1354 2386 1491 2456 theologie

334 2475 439 2530 Eodem
450 2475 542 2545 gretie
553 2474 589 2528 de
600 2473 685 2530 verbo
697 2475 727 2528 in
739 2473 856 2529 verbum
868 2473 1030 2528 conceditur
1042 2474 1175 2544 magistro
1189 2473 1314 2528 Leborne

213 2633 287 2690 ild
302 2651 319 2688 e
334 2631 407 2684 Item
427 2629 589 2685 conceditur
609 2630 743 2700 magistro
768 2627 887 2684 Fewden
908 2634 940 2682 vt
959 2627 1085 2682 studium
1106 2631 1121 2685 7
1143 2645 1282 2682 ennorum
1303 2628 1331 2682 in
1351 2627 1490 2696 theologie

403 2722 553 2788 postquem
569 2717 673 2771 rexerit
690 2717 720 2771 in
738 2714 847 2771 artibus
863 2733 927 2769 cum
944 2714 1054 2769 duobus
1070 2714 1246 2770 sermonibus
1261 2732 1317 2768 vno
1332 2713 1369 2768 ed
1384 2714 1489 2768 clerum

402 2805 491 2860 eltsrc
508 2803 545 2858 ed
562 2821 672 2858 crucem
692 2803 771 2858 Peuli
789 2808 819 2857 et
837 2821 902 2858 cum
920 2821 977 2857 vne
996 2803 1174 2873 responsione
1195 2819 1270 2857 enno
1290 2803 1416 2873 proximo
1437 2801 1491 2855 sub

403 2909 476 2963 pene
487 2891 626 2946 cautionis
638 2890 720 2945 reelis
735 2891 774 2945 11·
785 2890 912 2962 ponende
924 2890 953 2944 in
971 2889 1102 2944 menibus
1114 2895 1325 2960 procuratorum
1337 2895 1489 2960 antequem

403 2979 572 3034 admittetur·
595 2979 715 3034 sufficiet
739 2980 765 3033 ei
789 2985 850 3033 tem
876 2978 913 3033 ed
937 2977 1134 3050 opponendum
1158 2995 1244 3048 quem
1271 2978 1436 3033 intrandum
1460 2979 1489 3033 in

403 3067 544 3138 theologie
578 3067 617 3122 Et
634 3067 724 3138 possit
742 3066 856 3122 admitti
872 3067 908 3122 ed
924 3066 1060 3138 plecitum
1077 3067 1138 3122 siue
1154 3067 1183 3122 in
1200 3067 1321 3122 termino
1337 3067 1397 3121 siue
1411 3071 1492 3121 extre

404 3156 556 3211 terminum
574 3155 646 3210 citre
663 3155 768 3211 festum
787 3155 932 3210 Michaelis
950 3156 1108 3226 proximum
1143 3155 1190 3210 Ite
1207 3159 1239 3210 vt
1256 3155 1421 3210 convinctur

336 3245 409 3299 ltem
418 3244 580 3300 muceditur
588 3245 722 3315 megistro
734 3243 835 3298 Stolres
846 3249 877 3298 vt
888 3243 1014 3298 studium
1024 3244 1148 3315 quinque
1160 3261 1297 3298 ennorum
1310 3243 1491 3314 intheologie

405 3337 554 3404 postquem
571 3331 673 3386 rexerit
691 3331 720 3385 in
736 3330 846 3386 ortibus
864 3348 929 3385 cum
947 3329 1057 3385 duobus
1073 3330 1248 3386 sermonibus
1263 3348 1318 3386 vno
1334 3331 1370 3386 ed
1386 3331 1491 3386 clerum

404 3421 492 3476 eltero
510 3421 546 3476 ed
567 3437 676 3476 crucem
699 3420 779 3474 Peuli
798 3425 910 3476 etcum
929 3437 983 3474 vna
1001 3421 1180 3491 responsione
1197 3437 1272 3474 enno
1290 3420 1417 3491 proximo
1438 3418 1492 3474 sub

404 3525 477 3580 pene
488 3509 627 3563 cuntionis
639 3507 721 3562 reelis
733 3509 771 3562 xl·
781 3507 909 3579 ponende
923 3509 953 3562 in
967 3507 1097 3562 menibus
1113 3512 1325 3578 procuratorum
1338 3512 1490 3578 entequem

404 3597 574 3652 admittetur
586 3595 707 3651 sufficiet
722 3596 749 3650 ei
765 3601 824 3651 tem
837 3595 873 3651 ed
885 3595 1083 3667 opponendum
1095 3611 1182 3665 quem
1194 3594 1358 3650 intrandum
1371 3595 1401 3648 in
1414 3596 1491 3648 theo

405 3685 477 3756 logie
513 3686 551 3740 Et
574 3686 663 3757 possit
687 3685 801 3740 edmitti
825 3683 862 3740 ed
887 3685 1021 3756 plecitum
1045 3685 1106 3738 siue
1130 3685 1160 3739 in
1185 3683 1305 3738 termino
1328 3682 1389 3737 siue
1412 3687 1492 3737 extre

404 3774 557 3829 terminum
575 3774 646 3828 citre
663 3773 768 3828 festum
787 3772 932 3828 Michaelis
949 3773 990 3827 sic
1007 3778 1040 3826 vt
1057 3773 1222 3827 concinetur

336 3863 409 3917 Item
427 3861 588 3917 conceditur
606 3862 739 3932 magistro
757 3861 903 3916 Deconson
919 3866 951 3914 vt
967 3859 1092 3914 studium
1113 3865 1129 3914 5
1148 3876 1286 3914 annorum
1305 3859 1335 3912 in
1354 3859 1492 3930 theologie

405 3955 555 4022 postquem
571 3949 674 4003 rexerit
689 3949 719 4003 in
735 3948 845 4004 ertibm
860 3965 926 4003 cum
943 3948 1122 4021 responsione
1142 3951 1172 4002 et
1187 3946 1298 4002 duobus
1315 3947 1492 4002 sermonibus

405 4055 460 4093 vno
477 4038 513 4093 ed
532 4037 636 4092 clerum
654 4037 742 4092 eltero
758 4036 795 4091 ed
811 4053 921 4091 crucem
941 4036 1020 4090 Pauli
1038 4035 1093 4090 sub
1110 4053 1183 4107 pene
1200 4037 1340 4090 cautionis
1356 4036 1438 4091 reelis
1456 4035 1493 4090 xl·

405 4119 532 4193 ponende
552 4120 581 4174 in
606 4119 737 4174 menibus
757 4124 969 4190 procuretorum
989 4119 1110 4174 sufficiet
1132 4119 1159 4174 ei
1180 4119 1216 4174 ed
1240 4119 1438 4191 opponendum
1463 4125 1492 4173 et

406 4207 569 4263 intrendum
591 4207 620 4261 in
641 4207 781 4278 theologie
816 4208 854 4263 Et
874 4214 905 4262 rt
924 4209 1013 4279 possit
1034 4208 1148 4263 edmitti
1169 4207 1205 4262 ed
1226 4207 1362 4278 placitum
1385 4209 1445 4262 siue
1463 4207 1492 4260 in

405 4297 527 4351 termino
547 4295 608 4350 siue
628 4302 708 4350 extre
731 4297 886 4352 terminum
906 4302 973 4352 ente
994 4297 1098 4352 festum
1121 4296 1267 4351 Michaelis
1310 4297 1356 4351 lte
1377 4303 1409 4351 vt
1430 4313 1494 4350 eon·

407 4381 519 4438 sinetur
