<?xml version="1.0" encoding="UTF-8"?>
<!DOCTYPE html PUBLIC "-//W3C//DTD XHTML 1.0 Transitional//EN"
    "http://www.w3.org/TR/xhtml1/DTD/xhtml1-transitional.dtd">
<html xmlns="http://www.w3.org/1999/xhtml" xml:lang="en" lang="en">
 <head>
  <title>
</title>
<meta http-equiv="Content-Type" content="text/html;charset=utf-8" />
  <meta name='ocr-system' content='tesseract 3.04.00' />
  <meta name='ocr-capabilities' content='ocr_page ocr_carea ocr_par ocr_line ocrx_word'/>
</head>
<body>
  <div class='ocr_page' id='page_1' title='image "./gracebookgreekl00venngoog_0039.png"; bbox 0 0 3344 5110; ppageno 0'>
   <div class='ocr_carea' id='block_1_1' title="bbox 259 711 343 770">
    <p class='ocr_par' dir='ltr' id='par_1_1' title="bbox 259 711 343 770">
     <span class='ocr_line' id='line_1_1' title="bbox 259 711 343 770; baseline 0 0"><span class='ocrx_word' id='word_1_1' title='bbox 259 711 343 770; x_wconf 68' lang='lat' dir='ltr'>rea</span> 
     </span>
    </p>
   </div>
   <div class='ocr_carea' id='block_1_2' title="bbox 792 333 1515 432">
    <p class='ocr_par' dir='ltr' id='par_1_2' title="bbox 792 333 1515 432">
     <span class='ocr_line' id='line_1_2' title="bbox 792 333 1515 432; baseline -0.004 -29"><span class='ocrx_word' id='word_1_2' title='bbox 792 353 907 403; x_wconf 77' lang='lat' dir='ltr'>aesca</span> <span class='ocrx_word' id='word_1_3' title='bbox 929 351 1021 402; x_wconf 81' lang='lat' dir='ltr'>aeos</span> <span class='ocrx_word' id='word_1_4' title='bbox 1044 353 1072 432; x_wconf 80' lang='grc' dir='ltr'>ΔΙ</span> <span class='ocrx_word' id='word_1_5' title='bbox 1345 333 1515 420; x_wconf 76' lang='lat'>[1542-43</span> 
     </span>
    </p>
   </div>
   <div class='ocr_carea' id='block_1_3' title="bbox 695 709 1166 808">
    <p class='ocr_par' dir='ltr' id='par_1_3' title="bbox 695 709 1166 808">
     <span class='ocr_line' id='line_1_3' title="bbox 695 709 1166 808; baseline 0.004 -24"><span class='ocrx_word' id='word_1_6' title='bbox 695 709 925 786; x_wconf 86' lang='lat' dir='ltr'>Bacchalaurei</span> <span class='ocrx_word' id='word_1_7' title='bbox 946 719 979 785; x_wconf 94' lang='lat' dir='ltr'>in</span> <span class='ocrx_word' id='word_1_8' title='bbox 1004 721 1166 808; x_wconf 76' lang='lat' dir='ltr'>theologia</span> 
     </span>
    </p>
   </div>
   <div class='ocr_carea' id='block_1_4' title="bbox 355 869 1510 1379">
    <p class='ocr_par' dir='ltr' id='par_1_4' title="bbox 355 869 1510 1379">
     <span class='ocr_line' id='line_1_4' title="bbox 355 869 1510 945; baseline 0.002 -22"><span class='ocrx_word' id='word_1_9' title='bbox 355 869 389 924; x_wconf 95' lang='lat' dir='ltr'>In</span> <span class='ocrx_word' id='word_1_10' title='bbox 415 871 513 942; x_wconf 87' lang='lat' dir='ltr'>primis</span> <span class='ocrx_word' id='word_1_11' title='bbox 536 873 699 928; x_wconf 72' lang='lat' dir='ltr'><strong>comeditur</strong></span> <span class='ocrx_word' id='word_1_12' title='bbox 722 873 826 928; x_wconf 85' lang='lat' dir='ltr'>Joanni</span> <span class='ocrx_word' id='word_1_13' title='bbox 852 872 960 928; x_wconf 77' lang='lat' dir='ltr'>Madau</span> <span class='ocrx_word' id='word_1_14' title='bbox 984 878 1016 927; x_wconf 90' lang='lat' dir='ltr'>vt</span> <span class='ocrx_word' id='word_1_15' title='bbox 1039 873 1166 928; x_wconf 88' lang='lat' dir='ltr'>studium</span> <span class='ocrx_word' id='word_1_16' title='bbox 1190 880 1299 945; x_wconf 89' lang='lat' dir='ltr'>septem</span> <span class='ocrx_word' id='word_1_17' title='bbox 1322 889 1460 928; x_wconf 87' lang='lat' dir='ltr'>annorum</span> <span class='ocrx_word' id='word_1_18' title='bbox 1480 872 1510 926; x_wconf 89' lang='lat' dir='ltr'>in</span> 
     </span>
     <span class='ocr_line' id='line_1_5' title="bbox 423 957 1510 1031; baseline 0.001 -19"><span class='ocrx_word' id='word_1_19' title='bbox 423 957 563 1030; x_wconf 77' lang='lat' dir='ltr'>theologia</span> <span class='ocrx_word' id='word_1_20' title='bbox 585 966 650 1031; x_wconf 89' lang='lat' dir='ltr'>post</span> <span class='ocrx_word' id='word_1_21' title='bbox 673 960 858 1015; x_wconf 88' lang='lat' dir='ltr'>necessariam</span> <span class='ocrx_word' id='word_1_22' title='bbox 884 959 1038 1030; x_wconf 81' lang='lat' dir='ltr'>regentiam</span> <span class='ocrx_word' id='word_1_23' title='bbox 1063 959 1145 1013; x_wconf 85' lang='lat' dir='ltr'>vnica</span> <span class='ocrx_word' id='word_1_24' title='bbox 1168 976 1233 1013; x_wconf 90' lang='lat' dir='ltr'>cum</span> <span class='ocrx_word' id='word_1_25' title='bbox 1260 959 1440 1030; x_wconf 76' lang='lat' dir='ltr'>responsione</span> <span class='ocrx_word' id='word_1_26' title='bbox 1463 957 1510 1014; x_wconf 91' lang='lat' dir='ltr'>uel</span> 
     </span>
     <span class='ocr_line' id='line_1_6' title="bbox 424 1047 1510 1120; baseline 0.001 -20"><span class='ocrx_word' id='word_1_27' title='bbox 424 1048 555 1102; x_wconf 79' lang='lat' dir='ltr'>concione</span> <span class='ocrx_word' id='word_1_28' title='bbox 574 1049 611 1104; x_wconf 93' lang='lat' dir='ltr'>ad</span> <span class='ocrx_word' id='word_1_29' title='bbox 631 1049 736 1103; x_wconf 89' lang='lat' dir='ltr'>clerum</span> <span class='ocrx_word' id='word_1_30' title='bbox 757 1053 824 1103; x_wconf 88' lang='lat' dir='ltr'>ante</span> <span class='ocrx_word' id='word_1_31' title='bbox 844 1048 948 1120; x_wconf 89' lang='lat' dir='ltr'>pascha</span> <span class='ocrx_word' id='word_1_32' title='bbox 968 1049 1094 1119; x_wconf 85' lang='lat' dir='ltr'>proxime</span> <span class='ocrx_word' id='word_1_33' title='bbox 1118 1049 1247 1104; x_wconf 82' lang='lat' dir='ltr'>futurum</span> <span class='ocrx_word' id='word_1_34' title='bbox 1272 1064 1337 1102; x_wconf 90' lang='lat' dir='ltr'>cum</span> <span class='ocrx_word' id='word_1_35' title='bbox 1358 1047 1421 1102; x_wconf 89' lang='lat' dir='ltr'>aliis</span> <span class='ocrx_word' id='word_1_36' title='bbox 1445 1065 1510 1102; x_wconf 90' lang='lat' dir='ltr'>con·</span> 
     </span>
     <span class='ocr_line' id='line_1_7' title="bbox 424 1134 1508 1192; baseline 0.001 -4"><span class='ocrx_word' id='word_1_37' title='bbox 424 1134 551 1190; x_wconf 86' lang='lat' dir='ltr'>cionibus</span> <span class='ocrx_word' id='word_1_38' title='bbox 571 1135 660 1191; x_wconf 85' lang='lat' dir='ltr'>altera</span> <span class='ocrx_word' id='word_1_39' title='bbox 678 1136 714 1191; x_wconf 89' lang='lat' dir='ltr'>ad</span> <span class='ocrx_word' id='word_1_40' title='bbox 735 1137 840 1192; x_wconf 89' lang='lat' dir='ltr'>clerum</span> <span class='ocrx_word' id='word_1_41' title='bbox 860 1137 949 1191; x_wconf 83' lang='lat' dir='ltr'>altera</span> <span class='ocrx_word' id='word_1_42' title='bbox 970 1135 1006 1190; x_wconf 86' lang='lat' dir='ltr'>ad</span> <span class='ocrx_word' id='word_1_43' title='bbox 1028 1152 1139 1190; x_wconf 90' lang='lat' dir='ltr'>crucem</span> <span class='ocrx_word' id='word_1_44' title='bbox 1160 1135 1239 1190; x_wconf 92' lang='lat' dir='ltr'>Pauli</span> <span class='ocrx_word' id='word_1_45' title='bbox 1261 1135 1403 1190; x_wconf 87' lang='lat' dir='ltr'>sufficiant</span> <span class='ocrx_word' id='word_1_46' title='bbox 1422 1135 1447 1189; x_wconf 91' lang='lat' dir='ltr'>ei</span> <span class='ocrx_word' id='word_1_47' title='bbox 1471 1134 1508 1189; x_wconf 93' lang='lat' dir='ltr'>ad</span> 
     </span>
     <span class='ocr_line' id='line_1_8' title="bbox 424 1219 1508 1292; baseline -0.001 -18"><span class='ocrx_word' id='word_1_48' title='bbox 424 1221 619 1292; x_wconf 86' lang='lat' dir='ltr'>opponendum</span> <span class='ocrx_word' id='word_1_49' title='bbox 638 1227 669 1277; x_wconf 90' lang='lat' dir='ltr'>et</span> <span class='ocrx_word' id='word_1_50' title='bbox 688 1221 851 1276; x_wconf 86' lang='lat' dir='ltr'>intrandum</span> <span class='ocrx_word' id='word_1_51' title='bbox 869 1221 900 1275; x_wconf 89' lang='lat' dir='ltr'>in</span> <span class='ocrx_word' id='word_1_52' title='bbox 920 1221 1059 1291; x_wconf 74' lang='lat' dir='ltr'>theologia</span> <span class='ocrx_word' id='word_1_53' title='bbox 1096 1221 1142 1275; x_wconf 88' lang='lat' dir='ltr'>Sic</span> <span class='ocrx_word' id='word_1_54' title='bbox 1159 1221 1235 1291; x_wconf 85' lang='lat' dir='ltr'>quod</span> <span class='ocrx_word' id='word_1_55' title='bbox 1256 1219 1427 1276; x_wconf 69' lang='lat' dir='ltr'>admittatur</span> <span class='ocrx_word' id='word_1_56' title='bbox 1447 1224 1508 1273; x_wconf 88' lang='lat' dir='ltr'>tem</span> 
     </span>
     <span class='ocr_line' id='line_1_9' title="bbox 423 1306 1383 1379; baseline 0 -19"><span class='ocrx_word' id='word_1_57' title='bbox 423 1306 459 1360; x_wconf 89' lang='lat' dir='ltr'>ad</span> <span class='ocrx_word' id='word_1_58' title='bbox 477 1306 674 1378; x_wconf 91' lang='lat' dir='ltr'>opponendum</span> <span class='ocrx_word' id='word_1_59' title='bbox 686 1325 773 1379; x_wconf 89' lang='lat' dir='ltr'>quem</span> <span class='ocrx_word' id='word_1_60' title='bbox 785 1307 821 1362; x_wconf 89' lang='lat' dir='ltr'>ad</span> <span class='ocrx_word' id='word_1_61' title='bbox 834 1306 999 1362; x_wconf 88' lang='lat' dir='ltr'>intrandum</span> <span class='ocrx_word' id='word_1_62' title='bbox 1011 1307 1083 1361; x_wconf 83' lang='lat' dir='ltr'>citra</span> <span class='ocrx_word' id='word_1_63' title='bbox 1095 1307 1240 1362; x_wconf 82' lang='lat' dir='ltr'>commitis</span> <span class='ocrx_word' id='word_1_64' title='bbox 1256 1307 1383 1378; x_wconf 79' lang='lat' dir='ltr'>proxima</span> 
     </span>
    </p>
   </div>
   <div class='ocr_carea' id='block_1_5' title="bbox 237 1394 1507 1472">
    <p class='ocr_par' dir='ltr' id='par_1_5' title="bbox 237 1394 1507 1472">
     <span class='ocr_line' id='line_1_10' title="bbox 237 1394 1507 1472; baseline -0.001 -24"><span class='ocrx_word' id='word_1_65' title='bbox 237 1465 240 1472; x_wconf 13' lang='grc' dir='ltr'><strong><em>ἢ</em></strong></span> <span class='ocrx_word' id='word_1_66' title='bbox 352 1394 426 1449; x_wconf 87' lang='lat' dir='ltr'>item</span> <span class='ocrx_word' id='word_1_67' title='bbox 449 1395 613 1450; x_wconf 78' lang='lat' dir='ltr'>conceditur</span> <span class='ocrx_word' id='word_1_68' title='bbox 636 1395 750 1451; x_wconf 91' lang='lat' dir='ltr'>Oliuero</span> <span class='ocrx_word' id='word_1_69' title='bbox 772 1394 974 1468; x_wconf 80' lang='lat' dir='ltr'>Ayneswortbe</span> <span class='ocrx_word' id='word_1_70' title='bbox 993 1399 1026 1449; x_wconf 86' lang='lat' dir='ltr'>vt</span> <span class='ocrx_word' id='word_1_71' title='bbox 1042 1394 1169 1450; x_wconf 90' lang='lat' dir='ltr'>studium</span> <span class='ocrx_word' id='word_1_72' title='bbox 1191 1401 1300 1466; x_wconf 88' lang='lat' dir='ltr'>septem</span> <span class='ocrx_word' id='word_1_73' title='bbox 1321 1411 1458 1450; x_wconf 88' lang='lat' dir='ltr'>annorum</span> <span class='ocrx_word' id='word_1_74' title='bbox 1478 1394 1507 1447; x_wconf 91' lang='lat' dir='ltr'>in</span> 
     </span>
    </p>
   </div>
   <div class='ocr_carea' id='block_1_6' title="bbox 351 1480 1509 2773">
    <p class='ocr_par' dir='ltr' id='par_1_6' title="bbox 351 1480 1509 2773">
     <span class='ocr_line' id='line_1_11' title="bbox 420 1480 1507 1554; baseline -0.001 -18"><span class='ocrx_word' id='word_1_75' title='bbox 420 1481 559 1553; x_wconf 77' lang='lat' dir='ltr'>theologia</span> <span class='ocrx_word' id='word_1_76' title='bbox 578 1487 644 1554; x_wconf 89' lang='lat' dir='ltr'>post</span> <span class='ocrx_word' id='word_1_77' title='bbox 662 1484 723 1538; x_wconf 88' lang='lat' dir='ltr'>eius</span> <span class='ocrx_word' id='word_1_78' title='bbox 745 1484 930 1538; x_wconf 88' lang='lat' dir='ltr'>necessariam</span> <span class='ocrx_word' id='word_1_79' title='bbox 948 1484 1102 1553; x_wconf 85' lang='lat' dir='ltr'>regentiam</span> <span class='ocrx_word' id='word_1_80' title='bbox 1120 1499 1185 1537; x_wconf 92' lang='lat' dir='ltr'>cum</span> <span class='ocrx_word' id='word_1_81' title='bbox 1203 1481 1314 1537; x_wconf 89' lang='lat' dir='ltr'>duobus</span> <span class='ocrx_word' id='word_1_82' title='bbox 1331 1480 1507 1537; x_wconf 88' lang='lat' dir='ltr'>sennonibus</span> 
     </span>
     <span class='ocr_line' id='line_1_12' title="bbox 420 1569 1507 1642; baseline -0.002 -17"><span class='ocrx_word' id='word_1_83' title='bbox 420 1588 476 1625; x_wconf 88' lang='lat' dir='ltr'>vno</span> <span class='ocrx_word' id='word_1_84' title='bbox 499 1571 535 1626; x_wconf 85' lang='lat' dir='ltr'>ad</span> <span class='ocrx_word' id='word_1_85' title='bbox 559 1571 665 1626; x_wconf 87' lang='lat' dir='ltr'>clerum</span> <span class='ocrx_word' id='word_1_86' title='bbox 688 1571 777 1628; x_wconf 85' lang='lat' dir='ltr'>altero</span> <span class='ocrx_word' id='word_1_87' title='bbox 800 1572 836 1627; x_wconf 85' lang='lat' dir='ltr'>ad</span> <span class='ocrx_word' id='word_1_88' title='bbox 861 1589 972 1627; x_wconf 88' lang='lat' dir='ltr'>crucem</span> <span class='ocrx_word' id='word_1_89' title='bbox 998 1571 1078 1626; x_wconf 90' lang='lat' dir='ltr'>Pauli</span> <span class='ocrx_word' id='word_1_90' title='bbox 1101 1575 1132 1625; x_wconf 90' lang='lat' dir='ltr'>et</span> <span class='ocrx_word' id='word_1_91' title='bbox 1155 1571 1238 1625; x_wconf 88' lang='lat' dir='ltr'>vnica</span> <span class='ocrx_word' id='word_1_92' title='bbox 1262 1571 1441 1642; x_wconf 74' lang='lat' dir='ltr'>responsione</span> <span class='ocrx_word' id='word_1_93' title='bbox 1463 1569 1507 1624; x_wconf 86' lang='lat' dir='ltr'>vel</span> 
     </span>
     <span class='ocr_line' id='line_1_13' title="bbox 421 1657 1509 1730; baseline -0.002 -17"><span class='ocrx_word' id='word_1_94' title='bbox 421 1658 550 1729; x_wconf 88' lang='lat' dir='ltr'>pluribus</span> <span class='ocrx_word' id='word_1_95' title='bbox 574 1660 599 1714; x_wconf 86' lang='lat' dir='ltr'>si</span> <span class='ocrx_word' id='word_1_96' title='bbox 622 1659 771 1730; x_wconf 85' lang='lat' dir='ltr'>exigantur</span> <span class='ocrx_word' id='word_1_97' title='bbox 791 1658 929 1714; x_wconf 88' lang='lat' dir='ltr'>habendis</span> <span class='ocrx_word' id='word_1_98' title='bbox 953 1659 1080 1730; x_wconf 87' lang='lat' dir='ltr'>proximo</span> <span class='ocrx_word' id='word_1_99' title='bbox 1099 1676 1174 1714; x_wconf 88' lang='lat' dir='ltr'>enno</span> <span class='ocrx_word' id='word_1_100' title='bbox 1197 1657 1251 1713; x_wconf 91' lang='lat' dir='ltr'>sub</span> <span class='ocrx_word' id='word_1_101' title='bbox 1275 1676 1347 1730; x_wconf 87' lang='lat' dir='ltr'>pena</span> <span class='ocrx_word' id='word_1_102' title='bbox 1371 1657 1509 1713; x_wconf 73' lang='lat' dir='ltr'>metionis</span> 
     </span>
     <span class='ocr_line' id='line_1_14' title="bbox 422 1745 1507 1819; baseline -0.003 -17"><span class='ocrx_word' id='word_1_103' title='bbox 422 1747 505 1802; x_wconf 81' lang='lat' dir='ltr'>realis</span> <span class='ocrx_word' id='word_1_104' title='bbox 520 1747 559 1802; x_wconf 82' lang='lat' dir='ltr'>xl·</span> <span class='ocrx_word' id='word_1_105' title='bbox 574 1749 605 1802; x_wconf 89' lang='lat' dir='ltr'>in</span> <span class='ocrx_word' id='word_1_106' title='bbox 619 1747 751 1803; x_wconf 88' lang='lat' dir='ltr'>manibus</span> <span class='ocrx_word' id='word_1_107' title='bbox 766 1753 977 1819; x_wconf 85' lang='lat' dir='ltr'>procuratorum</span> <span class='ocrx_word' id='word_1_108' title='bbox 993 1754 1148 1818; x_wconf 90' lang='lat' dir='ltr'>autequam</span> <span class='ocrx_word' id='word_1_109' title='bbox 1164 1747 1335 1802; x_wconf 81' lang='lat' dir='ltr'>admittatur</span> <span class='ocrx_word' id='word_1_110' title='bbox 1345 1745 1507 1818; x_wconf 82' lang='lat' dir='ltr'>deponenda</span> 
     </span>
     <span class='ocr_line' id='line_1_15' title="bbox 397 1827 1506 1908; baseline -0.003 -17"><span class='ocrx_word' id='word_1_111' title='bbox 397 1827 543 1892; x_wconf 79' lang='lat' dir='ltr'>&#39;sufficiat</span> <span class='ocrx_word' id='word_1_112' title='bbox 567 1837 592 1891; x_wconf 93' lang='lat' dir='ltr'>ei</span> <span class='ocrx_word' id='word_1_113' title='bbox 616 1837 653 1892; x_wconf 89' lang='lat' dir='ltr'>ad</span> <span class='ocrx_word' id='word_1_114' title='bbox 669 1836 876 1908; x_wconf 80' lang='lat' dir='ltr'>&#39;opponendum</span> <span class='ocrx_word' id='word_1_115' title='bbox 900 1840 930 1891; x_wconf 92' lang='lat' dir='ltr'>et</span> <span class='ocrx_word' id='word_1_116' title='bbox 954 1835 1120 1890; x_wconf 86' lang='lat' dir='ltr'>intrandum</span> <span class='ocrx_word' id='word_1_117' title='bbox 1144 1835 1173 1889; x_wconf 91' lang='lat' dir='ltr'>in</span> <span class='ocrx_word' id='word_1_118' title='bbox 1195 1833 1283 1889; x_wconf 90' lang='lat' dir='ltr'>libros</span> <span class='ocrx_word' id='word_1_119' title='bbox 1303 1835 1506 1890; x_wconf 81' lang='lat' dir='ltr'>sententiarum</span> 
     </span>
     <span class='ocr_line' id='line_1_16' title="bbox 422 1923 1508 1998; baseline -0.002 -19"><span class='ocrx_word' id='word_1_120' title='bbox 422 1925 470 1981; x_wconf 89' lang='lat' dir='ltr'>Ita</span> <span class='ocrx_word' id='word_1_121' title='bbox 487 1930 520 1979; x_wconf 86' lang='lat' dir='ltr'>vt</span> <span class='ocrx_word' id='word_1_122' title='bbox 542 1927 633 1998; x_wconf 89' lang='lat' dir='ltr'>possit</span> <span class='ocrx_word' id='word_1_123' title='bbox 653 1925 767 1981; x_wconf 82' lang='lat' dir='ltr'>admitti</span> <span class='ocrx_word' id='word_1_124' title='bbox 787 1926 823 1981; x_wconf 89' lang='lat' dir='ltr'>ad</span> <span class='ocrx_word' id='word_1_125' title='bbox 842 1924 1041 1998; x_wconf 89' lang='lat' dir='ltr'>opponendum</span> <span class='ocrx_word' id='word_1_126' title='bbox 1061 1929 1091 1979; x_wconf 90' lang='lat' dir='ltr'>et</span> <span class='ocrx_word' id='word_1_127' title='bbox 1110 1923 1275 1980; x_wconf 84' lang='lat' dir='ltr'>intrandum</span> <span class='ocrx_word' id='word_1_128' title='bbox 1296 1928 1363 1979; x_wconf 84' lang='lat' dir='ltr'>ante</span> <span class='ocrx_word' id='word_1_129' title='bbox 1382 1924 1508 1995; x_wconf 84' lang='lat' dir='ltr'>proxima</span> 
     </span>
     <span class='ocr_line' id='line_1_17' title="bbox 421 2015 566 2069; baseline 0 0"><span class='ocrx_word' id='word_1_130' title='bbox 421 2015 566 2069; x_wconf 87' lang='lat' dir='ltr'>commitis</span> 
     </span>
     <span class='ocr_line' id='line_1_18' title="bbox 351 2098 1509 2171; baseline -0.003 -15"><span class='ocrx_word' id='word_1_131' title='bbox 351 2101 425 2156; x_wconf 83' lang='lat' dir='ltr'>Item</span> <span class='ocrx_word' id='word_1_132' title='bbox 437 2101 601 2156; x_wconf 85' lang='lat' dir='ltr'>conceditur</span> <span class='ocrx_word' id='word_1_133' title='bbox 614 2099 737 2156; x_wconf 81' lang='lat' dir='ltr'>Walters</span> <span class='ocrx_word' id='word_1_134' title='bbox 755 2102 875 2156; x_wconf 89' lang='lat' dir='ltr'>Dormer</span> <span class='ocrx_word' id='word_1_135' title='bbox 887 2104 919 2155; x_wconf 87' lang='lat' dir='ltr'>vt</span> <span class='ocrx_word' id='word_1_136' title='bbox 928 2100 1055 2155; x_wconf 92' lang='lat' dir='ltr'>studium</span> <span class='ocrx_word' id='word_1_137' title='bbox 1065 2104 1173 2171; x_wconf 88' lang='lat' dir='ltr'>septem</span> <span class='ocrx_word' id='word_1_138' title='bbox 1183 2117 1321 2154; x_wconf 89' lang='lat' dir='ltr'>annorum</span> <span class='ocrx_word' id='word_1_139' title='bbox 1331 2099 1359 2154; x_wconf 92' lang='lat' dir='ltr'>in</span> <span class='ocrx_word' id='word_1_140' title='bbox 1370 2098 1509 2169; x_wconf 86' lang='lat' dir='ltr'>theologia</span> 
     </span>
     <span class='ocr_line' id='line_1_19' title="bbox 421 2184 1506 2260; baseline -0.003 -17"><span class='ocrx_word' id='word_1_141' title='bbox 421 2195 570 2260; x_wconf 87' lang='lat' dir='ltr'>postquam</span> <span class='ocrx_word' id='word_1_142' title='bbox 590 2189 693 2244; x_wconf 85' lang='lat' dir='ltr'>rexerit</span> <span class='ocrx_word' id='word_1_143' title='bbox 707 2205 772 2243; x_wconf 90' lang='lat' dir='ltr'>cum</span> <span class='ocrx_word' id='word_1_144' title='bbox 790 2186 901 2243; x_wconf 90' lang='lat' dir='ltr'>duobus</span> <span class='ocrx_word' id='word_1_145' title='bbox 919 2184 1095 2242; x_wconf 78' lang='lat' dir='ltr'>sermonibus</span> <span class='ocrx_word' id='word_1_146' title='bbox 1114 2203 1170 2241; x_wconf 81' lang='lat' dir='ltr'>vno</span> <span class='ocrx_word' id='word_1_147' title='bbox 1187 2185 1224 2241; x_wconf 87' lang='lat' dir='ltr'>ad</span> <span class='ocrx_word' id='word_1_148' title='bbox 1242 2187 1347 2241; x_wconf 85' lang='lat' dir='ltr'>clerum</span> <span class='ocrx_word' id='word_1_149' title='bbox 1366 2187 1453 2241; x_wconf 81' lang='lat' dir='ltr'>altero</span> <span class='ocrx_word' id='word_1_150' title='bbox 1470 2186 1506 2240; x_wconf 89' lang='lat' dir='ltr'>ed</span> 
     </span>
     <span class='ocr_line' id='line_1_20' title="bbox 421 2273 1508 2346; baseline -0.003 -16"><span class='ocrx_word' id='word_1_151' title='bbox 421 2291 531 2330; x_wconf 84' lang='lat' dir='ltr'>crucem</span> <span class='ocrx_word' id='word_1_152' title='bbox 545 2275 614 2330; x_wconf 89' lang='lat' dir='ltr'>Palli</span> <span class='ocrx_word' id='word_1_153' title='bbox 622 2275 693 2346; x_wconf 89' lang='lat' dir='ltr'>(sic),</span> <span class='ocrx_word' id='word_1_154' title='bbox 706 2280 736 2330; x_wconf 91' lang='lat' dir='ltr'>et</span> <span class='ocrx_word' id='word_1_155' title='bbox 748 2292 803 2329; x_wconf 85' lang='lat' dir='ltr'>rna</span> <span class='ocrx_word' id='word_1_156' title='bbox 815 2275 995 2346; x_wconf 85' lang='lat' dir='ltr'>responsione</span> <span class='ocrx_word' id='word_1_157' title='bbox 1006 2278 1073 2328; x_wconf 86' lang='lat' dir='ltr'>ante</span> <span class='ocrx_word' id='word_1_158' title='bbox 1087 2273 1194 2328; x_wconf 84' lang='lat' dir='ltr'>Pascha</span> <span class='ocrx_word' id='word_1_159' title='bbox 1205 2275 1361 2344; x_wconf 82' lang='lat' dir='ltr'>proximum</span> <span class='ocrx_word' id='word_1_160' title='bbox 1379 2273 1508 2329; x_wconf 87' lang='lat' dir='ltr'>habenda</span> 
     </span>
     <span class='ocr_line' id='line_1_21' title="bbox 420 2361 1508 2434; baseline -0.001 -17"><span class='ocrx_word' id='word_1_161' title='bbox 420 2362 474 2418; x_wconf 90' lang='lat' dir='ltr'>sub</span> <span class='ocrx_word' id='word_1_162' title='bbox 493 2379 566 2434; x_wconf 88' lang='lat' dir='ltr'>pena</span> <span class='ocrx_word' id='word_1_163' title='bbox 589 2363 729 2417; x_wconf 86' lang='lat' dir='ltr'>cautionis</span> <span class='ocrx_word' id='word_1_164' title='bbox 752 2363 895 2417; x_wconf 74' lang='lat' dir='ltr'>malleni·</span> <span class='ocrx_word' id='word_1_165' title='bbox 918 2363 947 2416; x_wconf 89' lang='lat' dir='ltr'>in</span> <span class='ocrx_word' id='word_1_166' title='bbox 973 2361 1104 2417; x_wconf 90' lang='lat' dir='ltr'>manibus</span> <span class='ocrx_word' id='word_1_167' title='bbox 1128 2367 1340 2432; x_wconf 89' lang='lat' dir='ltr'>procuratorum</span> <span class='ocrx_word' id='word_1_168' title='bbox 1362 2365 1428 2417; x_wconf 90' lang='lat' dir='ltr'>ente</span> <span class='ocrx_word' id='word_1_169' title='bbox 1447 2363 1508 2416; x_wconf 90' lang='lat' dir='ltr'>eius</span> 
     </span>
     <span class='ocr_line' id='line_1_22' title="bbox 420 2449 1507 2522; baseline 0 -16"><span class='ocrx_word' id='word_1_170' title='bbox 420 2451 620 2506; x_wconf 86' lang='lat' dir='ltr'>admissionem</span> <span class='ocrx_word' id='word_1_171' title='bbox 639 2449 767 2522; x_wconf 89' lang='lat' dir='ltr'>ponende</span> <span class='ocrx_word' id='word_1_172' title='bbox 785 2451 907 2507; x_wconf 88' lang='lat' dir='ltr'>sufficiat</span> <span class='ocrx_word' id='word_1_173' title='bbox 926 2451 952 2505; x_wconf 91' lang='lat' dir='ltr'>ei</span> <span class='ocrx_word' id='word_1_174' title='bbox 971 2451 1008 2506; x_wconf 90' lang='lat' dir='ltr'>ad</span> <span class='ocrx_word' id='word_1_175' title='bbox 1027 2451 1226 2522; x_wconf 89' lang='lat' dir='ltr'>opponendum</span> <span class='ocrx_word' id='word_1_176' title='bbox 1244 2454 1274 2506; x_wconf 90' lang='lat' dir='ltr'>et</span> <span class='ocrx_word' id='word_1_177' title='bbox 1295 2451 1459 2506; x_wconf 88' lang='lat' dir='ltr'>intrandum</span> <span class='ocrx_word' id='word_1_178' title='bbox 1477 2451 1507 2505; x_wconf 93' lang='lat' dir='ltr'>in</span> 
     </span>
     <span class='ocr_line' id='line_1_23' title="bbox 420 2539 1507 2612; baseline 0.001 -17"><span class='ocrx_word' id='word_1_179' title='bbox 420 2539 507 2595; x_wconf 88' lang='lat' dir='ltr'>libros</span> <span class='ocrx_word' id='word_1_180' title='bbox 514 2542 720 2596; x_wconf 85' lang='lat' dir='ltr'>sententiarum</span> <span class='ocrx_word' id='word_1_181' title='bbox 732 2541 773 2595; x_wconf 91' lang='lat' dir='ltr'>sic</span> <span class='ocrx_word' id='word_1_182' title='bbox 782 2539 857 2610; x_wconf 92' lang='lat' dir='ltr'>quod</span> <span class='ocrx_word' id='word_1_183' title='bbox 865 2539 1078 2596; x_wconf 82' lang='lat' dir='ltr'>admittatured</span> <span class='ocrx_word' id='word_1_184' title='bbox 1088 2540 1287 2612; x_wconf 88' lang='lat' dir='ltr'>opponendum</span> <span class='ocrx_word' id='word_1_185' title='bbox 1299 2541 1372 2596; x_wconf 85' lang='lat' dir='ltr'>inire</span> <span class='ocrx_word' id='word_1_186' title='bbox 1381 2541 1507 2596; x_wconf 90' lang='lat' dir='ltr'>triduum</span> 
     </span>
     <span class='ocr_line' id='line_1_24' title="bbox 419 2627 1507 2700; baseline -0.001 -16"><span class='ocrx_word' id='word_1_187' title='bbox 419 2633 449 2684; x_wconf 90' lang='lat' dir='ltr'>et</span> <span class='ocrx_word' id='word_1_188' title='bbox 461 2632 519 2684; x_wconf 86' lang='lat' dir='ltr'>stet</span> <span class='ocrx_word' id='word_1_189' title='bbox 531 2646 675 2700; x_wconf 87' lang='lat' dir='ltr'>opponens</span> <span class='ocrx_word' id='word_1_190' title='bbox 688 2627 822 2700; x_wconf 79' lang='lat' dir='ltr'>usquead</span> <span class='ocrx_word' id='word_1_191' title='bbox 835 2629 939 2684; x_wconf 87' lang='lat' dir='ltr'>festum</span> <span class='ocrx_word' id='word_1_192' title='bbox 953 2628 1098 2684; x_wconf 85' lang='lat' dir='ltr'>Barnabae</span> <span class='ocrx_word' id='word_1_193' title='bbox 1114 2632 1144 2684; x_wconf 91' lang='lat' dir='ltr'>et</span> <span class='ocrx_word' id='word_1_194' title='bbox 1155 2629 1243 2684; x_wconf 85' lang='lat' dir='ltr'>intret</span> <span class='ocrx_word' id='word_1_195' title='bbox 1254 2629 1290 2684; x_wconf 88' lang='lat' dir='ltr'>ad</span> <span class='ocrx_word' id='word_1_196' title='bbox 1303 2629 1438 2700; x_wconf 84' lang='lat' dir='ltr'>placitum</span> <span class='ocrx_word' id='word_1_197' title='bbox 1452 2647 1507 2683; x_wconf 90' lang='lat' dir='ltr'>non</span> 
     </span>
     <span class='ocr_line' id='line_1_25' title="bbox 420 2716 673 2773; baseline -0.004 -2"><span class='ocrx_word' id='word_1_198' title='bbox 420 2716 551 2772; x_wconf 87' lang='lat' dir='ltr'>obstante</span> <span class='ocrx_word' id='word_1_199' title='bbox 563 2721 673 2773; x_wconf 88' lang='lat' dir='ltr'>statuto</span> 
     </span>
    </p>
   </div>
   <div class='ocr_carea' id='block_1_7' title="bbox 346 2804 1509 4468">
    <p class='ocr_par' dir='ltr' id='par_1_7' title="bbox 350 2804 1509 3477">
     <span class='ocr_line' id='line_1_26' title="bbox 350 2804 1508 2876; baseline 0 -16"><span class='ocrx_word' id='word_1_200' title='bbox 350 2806 425 2860; x_wconf 89' lang='lat' dir='ltr'>Item</span> <span class='ocrx_word' id='word_1_201' title='bbox 443 2804 607 2860; x_wconf 88' lang='lat' dir='ltr'>conceditur</span> <span class='ocrx_word' id='word_1_202' title='bbox 623 2805 758 2876; x_wconf 86' lang='lat' dir='ltr'>magistm</span> <span class='ocrx_word' id='word_1_203' title='bbox 778 2805 873 2876; x_wconf 85' lang='lat' dir='ltr'>Tonge</span> <span class='ocrx_word' id='word_1_204' title='bbox 894 2812 926 2860; x_wconf 83' lang='lat' dir='ltr'>vt</span> <span class='ocrx_word' id='word_1_205' title='bbox 945 2806 1072 2862; x_wconf 89' lang='lat' dir='ltr'>studium</span> <span class='ocrx_word' id='word_1_206' title='bbox 1091 2823 1140 2861; x_wconf 86' lang='lat' dir='ltr'>sex</span> <span class='ocrx_word' id='word_1_207' title='bbox 1159 2823 1298 2861; x_wconf 89' lang='lat' dir='ltr'>annorum</span> <span class='ocrx_word' id='word_1_208' title='bbox 1319 2807 1348 2860; x_wconf 95' lang='lat' dir='ltr'>in</span> <span class='ocrx_word' id='word_1_209' title='bbox 1370 2805 1508 2876; x_wconf 86' lang='lat' dir='ltr'>theologia</span> 
     </span>
     <span class='ocr_line' id='line_1_27' title="bbox 419 2891 1509 2964; baseline -0.001 -17"><span class='ocrx_word' id='word_1_210' title='bbox 419 2899 570 2964; x_wconf 88' lang='lat' dir='ltr'>postquam</span> <span class='ocrx_word' id='word_1_211' title='bbox 583 2892 687 2946; x_wconf 85' lang='lat' dir='ltr'>rexerit</span> <span class='ocrx_word' id='word_1_212' title='bbox 698 2909 763 2946; x_wconf 83' lang='lat' dir='ltr'>cunr</span> <span class='ocrx_word' id='word_1_213' title='bbox 780 2893 862 2946; x_wconf 82' lang='lat' dir='ltr'>vnica</span> <span class='ocrx_word' id='word_1_214' title='bbox 876 2893 1056 2963; x_wconf 85' lang='lat' dir='ltr'>responsione</span> <span class='ocrx_word' id='word_1_215' title='bbox 1070 2892 1196 2963; x_wconf 85' lang='lat' dir='ltr'>proximo</span> <span class='ocrx_word' id='word_1_216' title='bbox 1210 2909 1285 2946; x_wconf 86' lang='lat' dir='ltr'>anno</span> <span class='ocrx_word' id='word_1_217' title='bbox 1301 2891 1430 2946; x_wconf 87' lang='lat' dir='ltr'>habenda</span> <span class='ocrx_word' id='word_1_218' title='bbox 1444 2895 1509 2963; x_wconf 90' lang='lat' dir='ltr'>post</span> 
     </span>
     <span class='ocr_line' id='line_1_28' title="bbox 419 2979 1508 3052; baseline -0.003 -15"><span class='ocrx_word' id='word_1_219' title='bbox 419 2982 481 3037; x_wconf 90' lang='lat' dir='ltr'>eius</span> <span class='ocrx_word' id='word_1_220' title='bbox 504 2981 704 3036; x_wconf 89' lang='lat' dir='ltr'>admissionem</span> <span class='ocrx_word' id='word_1_221' title='bbox 722 2981 776 3036; x_wconf 90' lang='lat' dir='ltr'>sub</span> <span class='ocrx_word' id='word_1_222' title='bbox 794 2999 868 3052; x_wconf 87' lang='lat' dir='ltr'>pena</span> <span class='ocrx_word' id='word_1_223' title='bbox 887 2981 1026 3036; x_wconf 88' lang='lat' dir='ltr'>cautionis</span> <span class='ocrx_word' id='word_1_224' title='bbox 1050 2981 1088 3035; x_wconf 82' lang='lat' dir='ltr'>xl·</span> <span class='ocrx_word' id='word_1_225' title='bbox 1112 2981 1141 3035; x_wconf 91' lang='lat' dir='ltr'>iu</span> <span class='ocrx_word' id='word_1_226' title='bbox 1166 2979 1298 3036; x_wconf 86' lang='lat' dir='ltr'>manibus</span> <span class='ocrx_word' id='word_1_227' title='bbox 1312 2981 1508 3051; x_wconf 80' lang='lat' dir='ltr'>,procuratoris</span> 
     </span>
     <span class='ocr_line' id='line_1_29' title="bbox 419 3068 1507 3142; baseline 0 -18"><span class='ocrx_word' id='word_1_228' title='bbox 419 3068 547 3142; x_wconf 91' lang='lat' dir='ltr'>ponende</span> <span class='ocrx_word' id='word_1_229' title='bbox 559 3073 589 3123; x_wconf 88' lang='lat' dir='ltr'>et</span> <span class='ocrx_word' id='word_1_230' title='bbox 601 3086 666 3124; x_wconf 86' lang='lat' dir='ltr'>cum</span> <span class='ocrx_word' id='word_1_231' title='bbox 681 3068 792 3124; x_wconf 88' lang='lat' dir='ltr'>duobus</span> <span class='ocrx_word' id='word_1_232' title='bbox 806 3069 983 3124; x_wconf 91' lang='lat' dir='ltr'>sermonibus</span> <span class='ocrx_word' id='word_1_233' title='bbox 997 3086 1053 3124; x_wconf 88' lang='lat' dir='ltr'>vno</span> <span class='ocrx_word' id='word_1_234' title='bbox 1067 3069 1103 3124; x_wconf 91' lang='lat' dir='ltr'>ad</span> <span class='ocrx_word' id='word_1_235' title='bbox 1120 3069 1225 3124; x_wconf 89' lang='lat' dir='ltr'>clerum</span> <span class='ocrx_word' id='word_1_236' title='bbox 1244 3069 1332 3124; x_wconf 85' lang='lat' dir='ltr'>altero</span> <span class='ocrx_word' id='word_1_237' title='bbox 1346 3069 1382 3124; x_wconf 90' lang='lat' dir='ltr'>ad</span> <span class='ocrx_word' id='word_1_238' title='bbox 1396 3085 1507 3124; x_wconf 90' lang='lat' dir='ltr'>crucem</span> 
     </span>
     <span class='ocr_line' id='line_1_30' title="bbox 421 3156 1508 3229; baseline -0.003 -16"><span class='ocrx_word' id='word_1_239' title='bbox 421 3157 500 3213; x_wconf 89' lang='lat' dir='ltr'>Pauli</span> <span class='ocrx_word' id='word_1_240' title='bbox 521 3157 644 3211; x_wconf 86' lang='lat' dir='ltr'>sufficiat</span> <span class='ocrx_word' id='word_1_241' title='bbox 663 3156 689 3211; x_wconf 88' lang='lat' dir='ltr'>ei</span> <span class='ocrx_word' id='word_1_242' title='bbox 707 3174 758 3227; x_wconf 89' lang='lat' dir='ltr'>pro</span> <span class='ocrx_word' id='word_1_243' title='bbox 776 3157 916 3228; x_wconf 88' lang='lat' dir='ltr'>completa</span> <span class='ocrx_word' id='word_1_244' title='bbox 936 3157 1026 3211; x_wconf 86' lang='lat' dir='ltr'>forma</span> <span class='ocrx_word' id='word_1_245' title='bbox 1044 3157 1081 3212; x_wconf 89' lang='lat' dir='ltr'>ad</span> <span class='ocrx_word' id='word_1_246' title='bbox 1102 3156 1299 3229; x_wconf 90' lang='lat' dir='ltr'>opponendum</span> <span class='ocrx_word' id='word_1_247' title='bbox 1319 3156 1348 3210; x_wconf 86' lang='lat' dir='ltr'>iu</span> <span class='ocrx_word' id='word_1_248' title='bbox 1369 3156 1508 3227; x_wconf 88' lang='lat' dir='ltr'>theologia</span> 
     </span>
     <span class='ocr_line' id='line_1_31' title="bbox 419 3244 1507 3316; baseline -0.001 -15"><span class='ocrx_word' id='word_1_249' title='bbox 419 3245 504 3301; x_wconf 91' lang='lat' dir='ltr'>etad</span> <span class='ocrx_word' id='word_1_250' title='bbox 525 3244 691 3300; x_wconf 87' lang='lat' dir='ltr'>intrandum</span> <span class='ocrx_word' id='word_1_251' title='bbox 713 3245 743 3299; x_wconf 91' lang='lat' dir='ltr'>in</span> <span class='ocrx_word' id='word_1_252' title='bbox 765 3245 852 3300; x_wconf 91' lang='lat' dir='ltr'>libros</span> <span class='ocrx_word' id='word_1_253' title='bbox 872 3245 1078 3300; x_wconf 86' lang='lat' dir='ltr'>sententiarum</span> <span class='ocrx_word' id='word_1_254' title='bbox 1116 3245 1162 3302; x_wconf 88' lang='lat' dir='ltr'>Ita</span> <span class='ocrx_word' id='word_1_255' title='bbox 1180 3245 1255 3316; x_wconf 91' lang='lat' dir='ltr'>quod</span> <span class='ocrx_word' id='word_1_256' title='bbox 1279 3244 1449 3300; x_wconf 82' lang='lat' dir='ltr'>admittetur</span> <span class='ocrx_word' id='word_1_257' title='bbox 1470 3245 1507 3300; x_wconf 88' lang='lat' dir='ltr'>ad</span> 
     </span>
     <span class='ocr_line' id='line_1_32' title="bbox 419 3332 1508 3406; baseline -0.002 -17"><span class='ocrx_word' id='word_1_258' title='bbox 419 3333 618 3406; x_wconf 89' lang='lat' dir='ltr'>opponendum</span> <span class='ocrx_word' id='word_1_259' title='bbox 630 3339 660 3388; x_wconf 88' lang='lat' dir='ltr'>et</span> <span class='ocrx_word' id='word_1_260' title='bbox 672 3332 838 3388; x_wconf 88' lang='lat' dir='ltr'>intrandum</span> <span class='ocrx_word' id='word_1_261' title='bbox 849 3339 879 3387; x_wconf 92' lang='lat' dir='ltr'>et</span> <span class='ocrx_word' id='word_1_262' title='bbox 891 3333 966 3403; x_wconf 88' lang='lat' dir='ltr'>quod</span> <span class='ocrx_word' id='word_1_263' title='bbox 975 3333 1063 3388; x_wconf 88' lang='lat' dir='ltr'>intret</span> <span class='ocrx_word' id='word_1_264' title='bbox 1074 3333 1110 3388; x_wconf 91' lang='lat' dir='ltr'>ad</span> <span class='ocrx_word' id='word_1_265' title='bbox 1123 3333 1259 3404; x_wconf 86' lang='lat' dir='ltr'>placitum</span> <span class='ocrx_word' id='word_1_266' title='bbox 1271 3337 1300 3388; x_wconf 88' lang='lat' dir='ltr'>ct</span> <span class='ocrx_word' id='word_1_267' title='bbox 1313 3350 1369 3388; x_wconf 90' lang='lat' dir='ltr'>non</span> <span class='ocrx_word' id='word_1_268' title='bbox 1377 3336 1508 3388; x_wconf 88' lang='lat' dir='ltr'>teneatur</span> 
     </span>
     <span class='ocr_line' id='line_1_33' title="bbox 419 3419 823 3477; baseline -0.007 0"><span class='ocrx_word' id='word_1_269' title='bbox 419 3421 455 3477; x_wconf 87' lang='lat' dir='ltr'>ed</span> <span class='ocrx_word' id='word_1_270' title='bbox 467 3421 628 3476; x_wconf 75' lang='lat' dir='ltr'>ulteriorem</span> <span class='ocrx_word' id='word_1_271' title='bbox 641 3419 823 3475; x_wconf 86' lang='lat' dir='ltr'>residentiam</span> 
     </span>
    </p>

    <p class='ocr_par' dir='ltr' id='par_1_8' title="bbox 349 3507 1508 4200">
     <span class='ocr_line' id='line_1_34' title="bbox 349 3507 1506 3580; baseline -0.003 -14"><span class='ocrx_word' id='word_1_272' title='bbox 349 3512 423 3566; x_wconf 91' lang='lat' dir='ltr'>Item</span> <span class='ocrx_word' id='word_1_273' title='bbox 432 3509 594 3566; x_wconf 89' lang='lat' dir='ltr'>conceditur</span> <span class='ocrx_word' id='word_1_274' title='bbox 607 3507 743 3579; x_wconf 87' lang='lat' dir='ltr'>Magistro</span> <span class='ocrx_word' id='word_1_275' title='bbox 755 3508 846 3580; x_wconf 77' lang='lat' dir='ltr'>Alvey</span> <span class='ocrx_word' id='word_1_276' title='bbox 859 3511 891 3562; x_wconf 86' lang='lat' dir='ltr'>vt</span> <span class='ocrx_word' id='word_1_277' title='bbox 902 3507 1030 3563; x_wconf 92' lang='lat' dir='ltr'>studium</span> <span class='ocrx_word' id='word_1_278' title='bbox 1043 3512 1151 3579; x_wconf 89' lang='lat' dir='ltr'>septem</span> <span class='ocrx_word' id='word_1_279' title='bbox 1164 3526 1303 3563; x_wconf 86' lang='lat' dir='ltr'>annorum</span> <span class='ocrx_word' id='word_1_280' title='bbox 1320 3509 1349 3564; x_wconf 93' lang='lat' dir='ltr'>iu</span> <span class='ocrx_word' id='word_1_281' title='bbox 1367 3507 1506 3580; x_wconf 89' lang='lat' dir='ltr'>theologia</span> 
     </span>
     <span class='ocr_line' id='line_1_35' title="bbox 418 3595 1506 3672; baseline -0.002 -16"><span class='ocrx_word' id='word_1_282' title='bbox 418 3606 570 3672; x_wconf 84' lang='lat' dir='ltr'>postquam</span> <span class='ocrx_word' id='word_1_283' title='bbox 588 3597 692 3654; x_wconf 89' lang='lat' dir='ltr'>rexerit</span> <span class='ocrx_word' id='word_1_284' title='bbox 709 3614 774 3652; x_wconf 90' lang='lat' dir='ltr'>cum</span> <span class='ocrx_word' id='word_1_285' title='bbox 791 3595 903 3651; x_wconf 90' lang='lat' dir='ltr'>duobus</span> <span class='ocrx_word' id='word_1_286' title='bbox 920 3596 1097 3652; x_wconf 87' lang='lat' dir='ltr'>sermonibus</span> <span class='ocrx_word' id='word_1_287' title='bbox 1115 3615 1170 3654; x_wconf 88' lang='lat' dir='ltr'>vno</span> <span class='ocrx_word' id='word_1_288' title='bbox 1186 3597 1222 3653; x_wconf 87' lang='lat' dir='ltr'>ed</span> <span class='ocrx_word' id='word_1_289' title='bbox 1240 3597 1345 3652; x_wconf 89' lang='lat' dir='ltr'>clerum</span> <span class='ocrx_word' id='word_1_290' title='bbox 1361 3597 1450 3653; x_wconf 86' lang='lat' dir='ltr'>altero</span> <span class='ocrx_word' id='word_1_291' title='bbox 1470 3599 1506 3654; x_wconf 85' lang='lat' dir='ltr'>ad</span> 
     </span>
     <span class='ocr_line' id='line_1_36' title="bbox 418 3685 1508 3757; baseline -0.003 -13"><span class='ocrx_word' id='word_1_292' title='bbox 418 3704 528 3743; x_wconf 82' lang='lat' dir='ltr'>crucem</span> <span class='ocrx_word' id='word_1_293' title='bbox 554 3686 633 3740; x_wconf 85' lang='lat' dir='ltr'>Pauli</span> <span class='ocrx_word' id='word_1_294' title='bbox 657 3691 687 3740; x_wconf 92' lang='lat' dir='ltr'>et</span> <span class='ocrx_word' id='word_1_295' title='bbox 710 3701 776 3739; x_wconf 88' lang='lat' dir='ltr'>cum</span> <span class='ocrx_word' id='word_1_296' title='bbox 800 3702 856 3740; x_wconf 82' lang='lat' dir='ltr'>vua</span> <span class='ocrx_word' id='word_1_297' title='bbox 879 3685 1058 3756; x_wconf 87' lang='lat' dir='ltr'>responsione</span> <span class='ocrx_word' id='word_1_298' title='bbox 1082 3685 1126 3740; x_wconf 89' lang='lat' dir='ltr'>vel</span> <span class='ocrx_word' id='word_1_299' title='bbox 1154 3685 1282 3757; x_wconf 87' lang='lat' dir='ltr'>pluribus</span> <span class='ocrx_word' id='word_1_300' title='bbox 1310 3686 1333 3740; x_wconf 93' lang='lat' dir='ltr'>si</span> <span class='ocrx_word' id='word_1_301' title='bbox 1360 3687 1508 3756; x_wconf 85' lang='lat' dir='ltr'>exigantur</span> 
     </span>
     <span class='ocr_line' id='line_1_37' title="bbox 418 3773 1505 3848; baseline -0.001 -17"><span class='ocrx_word' id='word_1_302' title='bbox 418 3775 545 3848; x_wconf 86' lang='lat' dir='ltr'>proximo</span> <span class='ocrx_word' id='word_1_303' title='bbox 557 3791 632 3830; x_wconf 91' lang='lat' dir='ltr'>anno</span> <span class='ocrx_word' id='word_1_304' title='bbox 644 3779 709 3828; x_wconf 86' lang='lat' dir='ltr'>ante</span> <span class='ocrx_word' id='word_1_305' title='bbox 722 3773 826 3828; x_wconf 81' lang='lat' dir='ltr'>festum</span> <span class='ocrx_word' id='word_1_306' title='bbox 840 3773 946 3828; x_wconf 90' lang='lat' dir='ltr'>Pasche</span> <span class='ocrx_word' id='word_1_307' title='bbox 959 3773 1013 3829; x_wconf 90' lang='lat' dir='ltr'>sub</span> <span class='ocrx_word' id='word_1_308' title='bbox 1031 3792 1104 3845; x_wconf 87' lang='lat' dir='ltr'>pena</span> <span class='ocrx_word' id='word_1_309' title='bbox 1118 3775 1257 3830; x_wconf 90' lang='lat' dir='ltr'>cautionis</span> <span class='ocrx_word' id='word_1_310' title='bbox 1272 3774 1355 3829; x_wconf 87' lang='lat' dir='ltr'>realis</span> <span class='ocrx_word' id='word_1_311' title='bbox 1369 3775 1407 3829; x_wconf 82' lang='lat' dir='ltr'>xl·</span> <span class='ocrx_word' id='word_1_312' title='bbox 1422 3775 1505 3846; x_wconf 91' lang='lat' dir='ltr'>depo·</span> 
     </span>
     <span class='ocr_line' id='line_1_38' title="bbox 418 3863 1505 3936; baseline -0.003 -15"><span class='ocrx_word' id='word_1_313' title='bbox 418 3866 509 3921; x_wconf 86' lang='lat' dir='ltr'>nenda</span> <span class='ocrx_word' id='word_1_314' title='bbox 529 3865 560 3920; x_wconf 93' lang='lat' dir='ltr'>in</span> <span class='ocrx_word' id='word_1_315' title='bbox 582 3863 713 3920; x_wconf 89' lang='lat' dir='ltr'>manibus</span> <span class='ocrx_word' id='word_1_316' title='bbox 734 3868 948 3934; x_wconf 87' lang='lat' dir='ltr'>procuratorum</span> <span class='ocrx_word' id='word_1_317' title='bbox 969 3867 1122 3936; x_wconf 86' lang='lat' dir='ltr'>antequam</span> <span class='ocrx_word' id='word_1_318' title='bbox 1143 3863 1314 3919; x_wconf 84' lang='lat' dir='ltr'>admittatur</span> <span class='ocrx_word' id='word_1_319' title='bbox 1337 3864 1459 3919; x_wconf 86' lang='lat' dir='ltr'>sufficiat</span> <span class='ocrx_word' id='word_1_320' title='bbox 1479 3865 1505 3918; x_wconf 89' lang='lat' dir='ltr'>ei</span> 
     </span>
     <span class='ocr_line' id='line_1_39' title="bbox 417 3951 1506 4026; baseline -0.003 -16"><span class='ocrx_word' id='word_1_321' title='bbox 417 3954 453 4010; x_wconf 87' lang='lat' dir='ltr'>ed</span> <span class='ocrx_word' id='word_1_322' title='bbox 471 3952 669 4026; x_wconf 87' lang='lat' dir='ltr'>opponendum</span> <span class='ocrx_word' id='word_1_323' title='bbox 685 3955 716 4007; x_wconf 88' lang='lat' dir='ltr'>et</span> <span class='ocrx_word' id='word_1_324' title='bbox 729 3951 893 4006; x_wconf 90' lang='lat' dir='ltr'>intrandum</span> <span class='ocrx_word' id='word_1_325' title='bbox 908 3952 938 4006; x_wconf 90' lang='lat' dir='ltr'>in</span> <span class='ocrx_word' id='word_1_326' title='bbox 953 3951 1039 4008; x_wconf 89' lang='lat' dir='ltr'>libros</span> <span class='ocrx_word' id='word_1_327' title='bbox 1058 3953 1263 4014; x_wconf 85' lang='lat' dir='ltr'>sententiarum</span> <span class='ocrx_word' id='word_1_328' title='bbox 1301 3951 1348 4005; x_wconf 87' lang='lat' dir='ltr'>Ita</span> <span class='ocrx_word' id='word_1_329' title='bbox 1365 3951 1441 4022; x_wconf 90' lang='lat' dir='ltr'>quod</span> <span class='ocrx_word' id='word_1_330' title='bbox 1458 3952 1506 4007; x_wconf 89' lang='lat' dir='ltr'>ad·</span> 
     </span>
     <span class='ocr_line' id='line_1_40' title="bbox 417 4039 1504 4112; baseline -0.003 -15"><span class='ocrx_word' id='word_1_331' title='bbox 417 4043 550 4097; x_wconf 86' lang='lat' dir='ltr'>mittatur</span> <span class='ocrx_word' id='word_1_332' title='bbox 559 4041 631 4096; x_wconf 85' lang='lat' dir='ltr'>citra</span> <span class='ocrx_word' id='word_1_333' title='bbox 638 4040 766 4111; x_wconf 84' lang='lat' dir='ltr'>proxima</span> <span class='ocrx_word' id='word_1_334' title='bbox 774 4039 919 4094; x_wconf 82' lang='lat' dir='ltr'>commitis</span> <span class='ocrx_word' id='word_1_335' title='bbox 926 4044 985 4094; x_wconf 88' lang='lat' dir='ltr'>tam</span> <span class='ocrx_word' id='word_1_336' title='bbox 994 4039 1029 4095; x_wconf 91' lang='lat' dir='ltr'>ad</span> <span class='ocrx_word' id='word_1_337' title='bbox 1037 4039 1234 4112; x_wconf 87' lang='lat' dir='ltr'>opponendum</span> <span class='ocrx_word' id='word_1_338' title='bbox 1244 4057 1330 4111; x_wconf 86' lang='lat' dir='ltr'>quam</span> <span class='ocrx_word' id='word_1_339' title='bbox 1340 4039 1504 4094; x_wconf 83' lang='lat' dir='ltr'>intrandum</span> 
     </span>
     <span class='ocr_line' id='line_1_41' title="bbox 416 4127 860 4200; baseline -0.009 -14"><span class='ocrx_word' id='word_1_340' title='bbox 416 4134 446 4186; x_wconf 91' lang='lat' dir='ltr'>et</span> <span class='ocrx_word' id='word_1_341' title='bbox 457 4131 546 4185; x_wconf 89' lang='lat' dir='ltr'>intret</span> <span class='ocrx_word' id='word_1_342' title='bbox 558 4129 692 4200; x_wconf 89' lang='lat' dir='ltr'>proximis</span> <span class='ocrx_word' id='word_1_343' title='bbox 707 4127 860 4183; x_wconf 89' lang='lat' dir='ltr'>commitiis</span> 
     </span>
    </p>

    <p class='ocr_par' dir='ltr' id='par_1_9' title="bbox 346 4213 1464 4289">
     <span class='ocr_line' id='line_1_42' title="bbox 346 4213 1464 4289; baseline -0.004 -15"><span class='ocrx_word' id='word_1_344' title='bbox 346 4219 451 4274; x_wconf 87' lang='lat' dir='ltr'>Eadem</span> <span class='ocrx_word' id='word_1_345' title='bbox 463 4217 555 4289; x_wconf 72' lang='lat' dir='ltr'>grath</span> <span class='ocrx_word' id='word_1_346' title='bbox 566 4216 602 4272; x_wconf 92' lang='lat' dir='ltr'>de</span> <span class='ocrx_word' id='word_1_347' title='bbox 614 4215 699 4272; x_wconf 85' lang='lat' dir='ltr'>verbo</span> <span class='ocrx_word' id='word_1_348' title='bbox 713 4216 741 4270; x_wconf 90' lang='lat' dir='ltr'>in</span> <span class='ocrx_word' id='word_1_349' title='bbox 756 4215 873 4270; x_wconf 86' lang='lat' dir='ltr'>verbum</span> <span class='ocrx_word' id='word_1_350' title='bbox 886 4213 1049 4270; x_wconf 84' lang='lat' dir='ltr'>conceditur</span> <span class='ocrx_word' id='word_1_351' title='bbox 1061 4216 1195 4287; x_wconf 85' lang='lat' dir='ltr'>magistro</span> <span class='ocrx_word' id='word_1_352' title='bbox 1209 4217 1317 4271; x_wconf 88' lang='lat' dir='ltr'>Thome</span> <span class='ocrx_word' id='word_1_353' title='bbox 1328 4215 1464 4287; x_wconf 84' lang='lat' dir='ltr'>Sylyarde</span> 
     </span>
    </p>

    <p class='ocr_par' dir='ltr' id='par_1_10' title="bbox 346 4303 1505 4468">
     <span class='ocr_line' id='line_1_43' title="bbox 346 4303 1505 4377; baseline -0.003 -15"><span class='ocrx_word' id='word_1_354' title='bbox 346 4307 421 4364; x_wconf 86' lang='lat' dir='ltr'>item</span> <span class='ocrx_word' id='word_1_355' title='bbox 433 4305 597 4361; x_wconf 75' lang='lat' dir='ltr'>conceditur</span> <span class='ocrx_word' id='word_1_356' title='bbox 609 4305 716 4360; x_wconf 84' lang='lat' dir='ltr'>Thome</span> <span class='ocrx_word' id='word_1_357' title='bbox 728 4303 847 4359; x_wconf 86' lang='lat' dir='ltr'>Watson</span> <span class='ocrx_word' id='word_1_358' title='bbox 860 4310 892 4359; x_wconf 88' lang='lat' dir='ltr'>vt</span> <span class='ocrx_word' id='word_1_359' title='bbox 904 4305 1031 4360; x_wconf 91' lang='lat' dir='ltr'>studium</span> <span class='ocrx_word' id='word_1_360' title='bbox 1043 4313 1152 4377; x_wconf 90' lang='lat' dir='ltr'>septem</span> <span class='ocrx_word' id='word_1_361' title='bbox 1169 4323 1307 4361; x_wconf 70' lang='lat' dir='ltr'>annonem</span> <span class='ocrx_word' id='word_1_362' title='bbox 1324 4306 1353 4360; x_wconf 91' lang='lat' dir='ltr'>in</span> <span class='ocrx_word' id='word_1_363' title='bbox 1366 4304 1505 4375; x_wconf 89' lang='lat' dir='ltr'>theologia</span> 
     </span>
     <span class='ocr_line' id='line_1_44' title="bbox 416 4392 1504 4468; baseline -0.005 -16"><span class='ocrx_word' id='word_1_364' title='bbox 416 4401 567 4468; x_wconf 89' lang='lat' dir='ltr'>postquam</span> <span class='ocrx_word' id='word_1_365' title='bbox 586 4395 690 4450; x_wconf 86' lang='lat' dir='ltr'>rexerit</span> <span class='ocrx_word' id='word_1_366' title='bbox 708 4411 772 4448; x_wconf 87' lang='lat' dir='ltr'>eum</span> <span class='ocrx_word' id='word_1_367' title='bbox 790 4392 900 4448; x_wconf 91' lang='lat' dir='ltr'>duobus</span> <span class='ocrx_word' id='word_1_368' title='bbox 919 4392 1096 4449; x_wconf 85' lang='lat' dir='ltr'>sermonibus</span> <span class='ocrx_word' id='word_1_369' title='bbox 1113 4411 1168 4450; x_wconf 90' lang='lat' dir='ltr'>vno</span> <span class='ocrx_word' id='word_1_370' title='bbox 1186 4394 1222 4449; x_wconf 92' lang='lat' dir='ltr'>ad</span> <span class='ocrx_word' id='word_1_371' title='bbox 1240 4395 1345 4450; x_wconf 91' lang='lat' dir='ltr'>clerum</span> <span class='ocrx_word' id='word_1_372' title='bbox 1363 4393 1451 4448; x_wconf 84' lang='lat' dir='ltr'>altero</span> <span class='ocrx_word' id='word_1_373' title='bbox 1469 4395 1504 4448; x_wconf 88' lang='lat' dir='ltr'>ad</span> 
     </span>
    </p>
   </div>
   <div class='ocr_carea' id='block_1_8' title="bbox 1648 435 1650 526">
    <p class='ocr_par' dir='ltr' id='par_1_11' title="bbox 1648 435 1650 526">
     <span class='ocr_line' id='line_1_45' title="bbox 1648 435 1650 526; baseline 0 -4"><span class='ocrx_word' id='word_1_374' title='bbox 1648 435 1650 526; x_wconf 83' lang='lat' dir='ltr'>l</span> 
     </span>
    </p>
   </div>
   <div class='ocr_carea' id='block_1_9' title="bbox 0 0 1676 5110">
    <p class='ocr_par' dir='ltr' id='par_1_12' title="bbox 0 0 1676 5110">
     <span class='ocr_line' id='line_1_46' title="bbox 0 0 1676 5110; baseline 0 1"><span class='ocrx_word' id='word_1_375' title='bbox 0 0 1676 5110; x_wconf 95' lang='lat' dir='ltr'> </span> 
     </span>
    </p>
   </div>
  </div>
 </body>
</html>
