3376 5108
759 336 873 384 onnon
896 337 988 384 noos
1012 338 1034 383 Δ
1314 321 1481 404 [rtet-63

205 719 226 782 f·
244 717 310 780 lla
700 729 858 794 Doctores
880 729 916 793 in
939 729 1104 814 theologia

325 929 495 985 Conceditur
511 931 572 1001 xj¹²¹⁰
585 930 747 986 Decembris
759 931 894 1002 magistro
909 931 1006 986 Franc.
1021 932 1140 986 Newton
1153 932 1369 1003 procancellerio
1381 936 1413 986 vt
1425 949 1480 986 rue

395 1018 551 1090 disputatio
572 1021 602 1074 in
623 1037 703 1075 sacra
723 1021 863 1091 theologia
882 1025 911 1075 et
930 1038 986 1075 vna
1005 1021 1204 1075 determinatio
1225 1020 1393 1092 perficienda
1414 1025 1480 1076 ante

396 1112 511 1166 comitia
530 1112 657 1182 proxima
677 1110 731 1166 sub
752 1128 825 1182 pena
845 1111 895 1166 xle
916 1111 1045 1182 ponenda
1066 1111 1095 1166 in
1117 1110 1248 1166 manibus
1269 1117 1480 1183 procuratorum

396 1205 463 1254 ante
475 1201 535 1254 eius
546 1199 745 1254 admissionem
758 1217 823 1254 cum
836 1199 928 1255 tribus
942 1199 1118 1255 sermonibus
1131 1217 1186 1254 vno
1198 1199 1233 1254 ad
1245 1200 1381 1271 populum
1392 1200 1480 1254 altero

396 1286 432 1342 ad
449 1288 554 1343 clerum
571 1292 601 1343 et
617 1288 701 1342 tertio
715 1287 752 1342 ad
765 1304 874 1342 crucem
889 1287 969 1342 Pauli
980 1287 1122 1342 sufficiant
1134 1288 1159 1342 ei
1173 1305 1223 1358 pro
1235 1287 1381 1359 eompletis
1392 1286 1480 1358 gradu

396 1379 426 1430 et
437 1374 528 1429 forma
539 1373 701 1429 doctoratus
713 1374 742 1428 in
758 1391 836 1428 sacra
851 1374 991 1444 theologia
1003 1375 1045 1429 ita
1056 1379 1089 1428 vt
1100 1375 1140 1429 sit
1151 1379 1218 1429 actu
1229 1373 1327 1430 doctor
1338 1379 1367 1430 et
1379 1375 1479 1430 admit-

397 1468 474 1518 tetur
492 1463 528 1517 ad
548 1463 684 1535 placitum
702 1463 744 1518 sie
763 1467 860 1518 tamen
877 1469 909 1519 vt
929 1463 1094 1518 convivetur
1113 1463 1142 1517 in
1160 1464 1294 1534 proximis
1312 1464 1433 1518 comitiis
1451 1471 1481 1519 et

396 1551 552 1605 satisfaciat
571 1551 712 1605 officiariis
732 1551 813 1606 iuxta
830 1568 936 1605 morem
958 1551 1094 1606 vsitatum
1117 1551 1259 1606 academie
1299 1552 1481 1607 Preeentatus

396 1639 493 1694 ecdem
506 1657 556 1710 per
566 1639 708 1694 doctorem
721 1639 810 1694 Peme
820 1641 939 1710 (peregit
950 1639 1071 1711 quedem
1079 1645 1108 1696 et
1120 1658 1171 1711 pro
1179 1640 1481 1712 reliquisdispensatus

397 1723 580 1794 pergratiam
593 1728 759 1794 sequentem
770 1725 871 1795 marg.)

326 1811 496 1867 Conceditur
511 1816 540 1866 2⁰
551 1811 569 1865 J
571 1811 622 1865 ulii
633 1816 666 1865 vt
681 1828 773 1866 sermo
787 1810 821 1866 ad
837 1811 942 1865 clerum
954 1810 989 1866 ad
1003 1828 1087 1882 quem
1100 1816 1213 1867 tenetur
1224 1811 1354 1867 dominus
1366 1829 1480 1883 procan-

396 1898 525 1954 cellarius
542 1899 650 1960 radone
667 1897 770 1969 gradus
786 1899 830 1953 sui
846 1899 968 1969 suscepti
986 1897 1133 1954 differatur
1150 1900 1180 1954 in
1198 1900 1357 1971 proximum
1374 1917 1481 1956 annum

396 1988 436 2042 sic
453 1992 485 2043 vt
503 2005 568 2042 eum
586 1995 702 2059 peragat
719 1993 786 2043 ante
805 1987 910 2042 festum
931 1988 1092 2043 nativitatis
1113 1988 1227 2042 Domini
1247 1990 1406 2060 proximum
1426 1988 1479 2044 sub

396 2094 469 2147 pene
483 2076 533 2130 xls
546 2077 664 2148 (peregit
676 2077 775 2148 marg.)

326 2163 495 2219 Conceditur
518 2164 587 2234 xxij⁰
609 2164 705 2218 Martii
727 2163 878 2218 reverendo
900 2163 929 2217 in
951 2164 1064 2220 Christo
1086 2165 1160 2236 patri
1183 2170 1213 2220 et
1232 2164 1347 2221 dominc
1367 2164 1481 2220 domino

397 2249 532 2322 Gylberto
542 2251 662 2322 Barkley
669 2252 799 2322 episcopo
807 2251 980 2306 Bathonensi
990 2256 1019 2306 et
1030 2252 1161 2306 Wellenei
1171 2257 1203 2306 vt
1214 2253 1340 2308 studium
1351 2257 1385 2307 24
1395 2269 1480 2308 anno·

396 2355 459 2394 rum
468 2339 497 2392 in
510 2337 648 2409 theologia
660 2343 725 2410 poet
736 2337 854 2409 gradum
866 2337 1043 2393 bechalaurei
1052 2339 1080 2393 in
1088 2339 1185 2394 eedem
1194 2345 1357 2411 susceptum
1365 2339 1481 2395 Oxoniis

395 2425 517 2480 sufficiat
536 2425 562 2480 ei
580 2425 617 2481 ad
636 2425 827 2497 incipiendum
847 2426 877 2480 in
896 2425 994 2480 eedem
1013 2426 1054 2480 sic
1072 2433 1105 2480 vt
1123 2427 1184 2481 eius
1201 2426 1335 2482 admissio
1353 2431 1411 2483 stet
1430 2445 1481 2499 pro

396 2513 542 2585 completis
555 2514 644 2585 gradu
655 2519 685 2569 et
697 2516 787 2570 lomna
798 2519 827 2569 et
838 2514 877 2569 sit
889 2519 955 2568 actu
967 2513 1065 2569 doctor
1077 2520 1105 2569 et
1117 2513 1286 2570 admittetur
1296 2515 1332 2570 ad
1344 2514 1481 2586 placitum

396 2606 475 2656 extra
483 2601 696 2656 vniuersitatem
709 2619 759 2672 per
770 2601 917 2657 dominum
930 2601 1185 2658 vicecancellarium
1198 2609 1228 2657 et
1240 2603 1326 2659 alium
1338 2603 1480 2660 doctorem

396 2688 535 2759 theologie
546 2692 576 2743 et
583 2689 675 2744 solvet
682 2690 861 2745 vniuersitati
870 2689 914 2761 vj¹¹
924 2697 953 2744 et
965 2691 1121 2746 satisfaciat
1128 2691 1268 2746 officiariis
1277 2691 1373 2760 (solvit
1380 2695 1480 2763 mage.)

326 2776 496 2833 Conceditur
517 2775 576 2848 xiiij
599 2777 667 2832 Maii
688 2782 719 2831 vt
740 2777 897 2848 disputatio
917 2777 954 2832 ad
973 2795 1059 2848 quam
1081 2783 1195 2834 wnetur
1215 2778 1347 2835 dominus
1365 2799 1480 2853 procan-

396 2865 525 2921 cellarius
537 2866 645 2919 ratione
657 2864 760 2936 gradus
772 2865 816 2919 eui
830 2864 920 2935 possit
932 2882 982 2936 per
996 2883 1062 2921 eum
1075 2867 1168 2939 peragi
1185 2868 1214 2922 in
1229 2867 1275 2923 die
1290 2869 1479 2940 proximorum

395 2954 574 3010 comitiorum
591 2955 632 3008 sic
650 2959 683 3008 vt
700 2957 758 3009 stet
774 2971 825 3025 pro
842 2954 934 3008 forma
947 2971 999 3008 sua
1015 2955 1150 3026 quoniam
1167 2955 1272 3027 alioqui
1291 2957 1368 3012 nulla
1385 2958 1480 3013 futura

395 3050 439 3098 est
451 3043 481 3098 in
493 3041 616 3096 comitiis
627 3041 783 3113 disputatio
796 3043 825 3097 in
838 3041 977 3113 theologia

317 3132 495 3190 Conceditur
507 3135 522 3188 7
535 3130 554 3185 J
556 3130 606 3185 ulii
618 3135 651 3185 vt
663 3130 832 3186 reuerendus
846 3135 927 3202 pater
943 3131 1079 3201 magister
1094 3129 1193 3185 doctor
1208 3131 1360 3188 Coverdale
1378 3135 1417 3189 sit
1433 3133 1480 3188 hic

394 3219 470 3292 apud
482 3235 532 3275 vos
544 3219 574 3274 in
586 3217 702 3273 eiisdem
714 3217 803 3288 gradu
810 3217 907 3273 ordine
915 3222 945 3272 et
952 3218 1116 3272 senior-itate
1123 3217 1226 3288 quibus
1235 3219 1290 3274 fuit
1297 3219 1327 3275 in
1336 3220 1481 3276 acadenna

394 3307 566 3379 Tubingenei
605 3307 788 3362 Presentatus
800 3307 897 3362 eodem
910 3324 961 3378 per
971 3307 1115 3363 doctorem
1130 3307 1217 3363 Perna

203 3636 223 3696 f.
241 3637 310 3698 'llb
509 3633 632 3700 Gratiae
655 3633 743 3700 varie
766 3634 891 3699 nullam
914 3643 1146 3700 concernentes
1168 3634 1305 3698 formam

324 3835 495 3892 Conceditur
510 3837 539 3891 ix
552 3837 721 3893 Novembris
732 3842 766 3894 vt
776 3837 909 3893 dominus
921 3837 1164 3893 vicecancellarius
1171 3840 1201 3892 et
1208 3836 1307 3891 doctor
1316 3836 1405 3908 Porye
1413 3852 1479 3890 cum

394 3943 449 3980 vno
465 3925 637 3982 bedellorum
649 3927 760 3998 possint
772 3925 879 3982 delens
895 3926 992 3981 literas
1009 3936 1118 3981 vestras
1134 3925 1217 3980 modo
1230 3924 1317 3979 lectas
1333 3928 1363 3978 et
1377 3923 1480 3978 habere

393 4031 529 4085 expensas
540 4031 606 4069 suas
617 4015 753 4070 allocatas
764 4033 815 4086 per
826 4014 954 4071 doctores
969 4015 1057 4070 Perna
1069 4019 1099 4068 et
1111 4012 1226 4068 Walker

322 4099 492 4155 Conceditur
504 4100 600 4156 eodem
612 4107 644 4156 vt
656 4103 791 4173 magister
802 4102 900 4158 doctor
912 4103 1004 4158 Baker
1016 4102 1106 4173 possit
1118 4117 1212 4172 regere
1225 4104 1254 4155 et
1268 4117 1323 4154 non
1336 4116 1429 4171 regere
1441 4099 1478 4154 ed

390 4187 527 4258 placitum
539 4189 579 4242 sic
591 4193 624 4243 vt
634 4189 727 4243 solvat
738 4189 917 4244 vniuersitati
930 4206 990 4243 xxs

321 4273 491 4330 Conceditur
503 4275 577 4330 xxvii
591 4274 760 4331 Novembris
772 4277 907 4347 magistro
919 4277 1008 4332 Anth.
1020 4275 1216 4348 Goldyngham
1229 4280 1261 4331 vt
1273 4275 1365 4346 possit
1376 4273 1480 4330 habere

391 4363 487 4417 literas
498 4363 601 4433 gradus
613 4365 658 4418 sui
670 4369 700 4419 et
712 4366 932 4420 conversationis
944 4365 1035 4435 sigillo
1043 4369 1137 4420 vestro
1147 4365 1289 4420 communi
1299 4364 1479 4433 consignatae
