3344 5110
177 386 341 474 1543-44]
606 403 722 454 enies
744 402 837 454 soor
860 404 883 452 n
1290 384 1329 447 11

246 560 380 629 quoniam
397 559 660 614 determinationem
677 564 821 631 expectare
839 565 960 629 nequest
974 559 1098 628 eoquod
1113 556 1207 613 sobole
1225 557 1331 611 Gouen·

246 647 344 702 triensi
368 665 386 702 e
409 665 467 718 qua
490 646 588 702 abesse
612 664 668 702 non
693 651 786 718 potest
806 647 950 718 preficitur
973 654 1060 718 atque
1080 651 1112 702 vt
1132 647 1193 701 eius
1211 644 1332 700 emditio

248 735 420 806 approbetur
440 753 491 806 per
512 735 660 805 magistros
678 734 775 805 Yonge
796 740 825 788 et
849 733 1055 789 Christoferson
1074 738 1103 789 et
1120 733 1251 788 oonriuet
1268 749 1333 787 cum

246 823 514 879 determinatoribus
531 823 658 894 proximo
675 841 750 878 anno
1007 851 1008 854 ¹

175 910 250 966 Item
262 912 423 967 conceditur
436 910 583 982 Redolpho
595 911 702 966 Eikock
714 915 746 966 vt
758 910 904 966 duodecim
913 910 1027 965 termini
1040 910 1070 964 in
1081 909 1185 980 quibus
1199 909 1333 964 lectiones

246 999 402 1054 ordinarias
413 999 525 1055 audiuit
537 1016 587 1070 per
599 1001 732 1054 maiorem
745 1003 855 1070 purtem
873 996 1023 1053 cuiuslibet
1040 997 1155 1052 termini
1167 1015 1231 1052 oum
1248 1013 1332 1068 oppo-

244 1089 394 1144 sitionibus
409 1094 439 1143 et
455 1087 683 1158 responsionibus
700 1087 843 1158 requisitis
857 1085 999 1140 sufficient
1015 1085 1040 1140 ei
1059 1083 1094 1139 sd
1107 1083 1331 1156 respondendum

245 1177 386 1245 questioni
425 1176 490 1230 Non
506 1175 709 1231 determinabit
726 1174 861 1242 haetenus
878 1176 908 1227 et
926 1181 1022 1228 tamen
1040 1171 1179 1227 admissus
1197 1179 1242 1226 est
1259 1189 1333 1226 anno

246 1279 381 1334 superiori

176 1350 250 1405 ltem
262 1350 425 1406 conceditur
437 1350 560 1405 Roberto
573 1350 654 1405 Rand
667 1355 699 1404 vt
712 1353 745 1403 12
758 1348 872 1404 termini
884 1346 1016 1419 completi
1034 1349 1065 1402 in
1080 1346 1184 1418 quibus
1200 1347 1333 1402 leotiones

245 1437 400 1492 ordinarias
417 1436 530 1491 audiuit
548 1454 598 1508 per
616 1436 750 1490 maiorem
769 1439 878 1505 partem
899 1434 928 1488 in
947 1437 1009 1488 toto
1025 1450 1091 1488 oum
1109 1433 1332 1504 oppositionibus

245 1528 275 1578 et
286 1522 513 1595 responsionibus
525 1523 668 1593 requisitis
680 1521 822 1576 sufficient
833 1522 859 1576 ei
872 1521 908 1575 ad
920 1520 1146 1592 respondendum
1157 1521 1298 1592 questioni

177 1611 282 1666 Eadem
293 1613 384 1682 gratia
395 1609 558 1665 coneeditur
571 1609 693 1664 Roberto
706 1609 844 1664 Persevell

177 1699 250 1756 Item
273 1701 436 1755 eonceditur
456 1699 628 1755 christoforo
647 1698 766 1753 Hustler
789 1703 820 1752 vt
843 1701 875 1752 12
888 1697 1001 1753 termini
1027 1698 1057 1751 in
1076 1696 1180 1767 quibus
1200 1696 1367 1757 leotionest’.
1383 1699 1432 1756 ba

246 1787 402 1842 ordinarias
420 1786 531 1841 audiuit
552 1803 602 1857 per
620 1771 882 1856 maiorempartem
901 1785 931 1839 in
949 1789 1010 1839 toto
1028 1801 1092 1838 oum
1111 1785 1334 1855 oppositionibus

246 1881 276 1930 et
288 1875 517 1946 responsionibus
535 1875 679 1945 requisitis
695 1874 836 1928 sufficient
855 1873 933 1929 eisd
951 1873 1176 1944 respondendum
1191 1875 1333 1944 questioni

246 1965 288 2019 ita
306 1969 336 2018 vt
354 1965 414 2019 eius
430 1963 552 2018 eruditio
567 1963 744 2018 examinetur
759 1969 789 2018 et
804 1961 977 2035 approbetur
994 1980 1044 2033 per
1058 1962 1232 2034 oppositores
1249 1962 1334 2017 huius

247 2052 315 2107 anni
326 2057 356 2106 et
369 2055 401 2106 vt
412 2055 470 2105 stet
482 2057 513 2105 et
523 2050 693 2105 determinet
703 2066 832 2104 vnacum
841 2051 941 2104 oeteris
951 2049 1035 2104 huius
1047 2049 1115 2104 anni
1127 2048 1334 2104 beochaleur'eis

247 2157 313 2194 nem
332 2139 412 2210 prius
433 2137 498 2208 (etsi
520 2137 642 2191 maxime
660 2135 803 2208 cupiebat)
824 2137 901 2192 nulio
923 2136 1006 2191 modo
1027 2137 1123 2191 edesse
1147 2137 1241 2207 potuit
1280 2137 1333 2192 hoo

246 2245 358 2300 quoque
379 2229 420 2283 ite
442 2245 473 2281 se
493 2224 596 2281 habere
618 2229 762 2280 testentur
782 2225 835 2279 viri
856 2243 912 2280 non
937 2226 1019 2297 peuoi
1042 2226 1201 2298 grsuissImi
1225 2225 1332 2296 collegii

247 2313 353 2368 Christi

177 2400 251 2454 Item
266 2401 429 2455 oonoeditur
446 2397 549 2453 Ioanni
570 2396 694 2452 Bernsrd
712 2401 743 2450 vt
763 2401 793 2450 11
812 2397 926 2451 termini
944 2397 974 2450 in
991 2394 1095 2466 quibus
1111 2394 1244 2450 lectiones
1260 2396 1332 2451 ordi·

246 2491 340 2544 neriss
362 2488 473 2544 audiuit
492 2504 541 2558 per
558 2487 692 2541 maiorem
710 2491 820 2557 purtem
840 2487 869 2540 in
892 2490 953 2539 toto
976 2503 1040 2540 eum
1062 2484 1286 2556 oppositionibus
1304 2491 1333 2540 et

246 2569 474 2649 responsionibus
488 2575 633 2645 requisitis
645 2575 786 2630 sufficiant
802 2574 856 2629 sibi
873 2573 910 2629 ed
928 2572 1152 2645 respondendum
1165 2574 1307 2644 questioni

178 2663 282 2720 Eadem
304 2665 396 2735 gretie.
416 2663 451 2718 de
472 2661 557 2718 verbo
582 2663 611 2716 in
633 2661 749 2717 verbnm
771 2661 934 2717 oonoeditur
957 2661 1061 2716 Joenni
1084 2661 1205 2716 Rekster
1226 2661 1333 2732 Rogero
1362 2653 1366 2660 ’

247 2752 337 2808 Kelke
355 2757 385 2808 et
404 2750 548 2806 leonardo
567 2750 746 2822 Pyllryntono

177 2841 251 2896 Item
269 2840 432 2895 oonoeditur
449 2839 574 2894 Waltero
592 2839 788 2893 Bartholomeo
804 2844 836 2893 vt
856 2843 889 2892 12
904 2839 1018 2893 termini
1035 2837 1167 2909 completi
1183 2838 1213 2892 in
1229 2838 1333 2909 quibus

246 2930 380 2984 lectiones
395 2928 550 2983 ordinaries
568 2926 679 2983 audiuit
697 2945 747 2998 per
763 2929 897 2982 maiorem
915 2932 1025 2998 partem
1043 2928 1073 2981 in
1087 2931 1149 2981 toto
1168 2943 1232 2982 eum
1249 2944 1332 2998 oppo-

244 3015 398 3094 sitionibus
413 3021 443 3071 et
455 3003 686 3087 responsionibus
699 3015 843 3086 requisitis
855 3014 996 3069 sufficiant
1015 3013 1040 3068 ei
1056 3013 1092 3068 ad
1109 3013 1333 3085 respondendum

247 3106 388 3176 questioni
400 3105 442 3160 ita
454 3109 487 3160 vt
498 3104 668 3159 determinet
680 3121 744 3158 oum
755 3102 1022 3158 determinatoribus
1034 3103 1119 3158 huius
1126 3104 1192 3158 enni
1199 3104 1333 3174 quoniam

246 3194 377 3249 antehoc
391 3198 505 3264 tempus
517 3193 610 3263 inopia
624 3191 788 3263 prepeditus
799 3191 897 3247 adesse
909 3209 966 3246 non
977 3192 1073 3262 potuit
1089 3196 1119 3247 et
1136 3192 1196 3246 eius
1214 3193 1333 3248 eruditio

246 3289 275 3338 et
287 3301 378 3338 mores
389 3281 580 3354 approbentur
592 3298 642 3352 per
653 3281 801 3351 magistros
815 3280 946 3335 Metoelfe
958 3285 988 3335 et
1000 3280 1090 3352 Leper

176 3372 251 3427 Item
274 3369 436 3426 ooneeditur
460 3369 590 3424 Michaeli
617 3369 736 3424 Watson
760 3373 792 3424 vt
815 3373 847 3423 12
876 3369 991 3424 termini
1016 3370 1046 3423 in
1072 3369 1176 3441 quibus
1197 3370 1332 3425 lectiones

246 3459 401 3514 ordinaries
413 3458 524 3514 audiuit
536 3475 586 3528 per
598 3457 733 3512 maiorem
745 3463 855 3529 partem
872 3456 1022 3512 cuiuslibet
1037 3458 1151 3513 termini
1168 3476 1233 3514 eum
1249 3477 1332 3530 oppo-

246 3547 397 3602 sitionibus
409 3549 438 3600 et
450 3544 680 3616 responsionibus
697 3546 841 3615 requisitis
857 3545 998 3600 sufficient
1014 3545 1039 3600 ei
1057 3545 1093 3600 ad
1109 3547 1333 3617 respondendum

246 3633 387 3705 questioni
403 3632 487 3687 modo
508 3632 569 3687 eius
586 3632 708 3687 eruditio
726 3637 756 3686 et
778 3650 870 3687 mores
887 3633 1078 3704 approbentur
1095 3650 1145 3704 per
1162 3635 1335 3705 opposItores

247 3722 331 3777 huius
348 3721 415 3776 anni

176 3810 281 3865 Eadem
299 3809 392 3880 gratia
409 3807 445 3864 de
464 3807 550 3863 verbo
572 3808 602 3862 in
621 3806 736 3863 verbum
756 3807 919 3862 coneeditur
935 3808 1039 3863 Ioanni
1058 3809 1175 3864 Watson

176 3899 251 3954 Item
262 3897 425 3953 conoedItur
435 3897 538 3952 Ioanni
552 3896 750 3952 Huddelstono
769 3904 802 3952 vt
819 3901 850 3952 12
864 3898 978 3952 termini
995 3915 1060 3952 eum
1076 3915 1109 3952 eo
1127 3898 1157 3952 in
1171 3915 1227 3969 quo
1244 3899 1333 3954 deter-

247 3986 406 4041 minaturus
429 3989 474 4039 est
497 3985 526 4038 in
548 3983 653 4054 quibus
671 3985 805 4038 lectiones
823 3984 979 4040 ordinarias
999 3985 1111 4040 eudiuii
1130 4003 1180 4056 per
1200 3985 1333 4041 maiorem

245 4078 355 4146 partem
380 4074 411 4128 in
434 4077 496 4127 toto
526 4088 591 4126 oum
624 4070 848 4142 oppositionibus
877 4079 907 4127 et
932 4072 1161 4144 responsionibus
1190 4074 1334 4144 requisitis

245 4162 386 4216 sufficient
404 4160 429 4215 ei
447 4159 484 4214 ad
502 4157 729 4229 respondendnm
747 4159 887 4229 questioni

174 4251 249 4306 ltem
273 4249 436 4305 ooneeditur
455 4247 591 4303 Silvestre
609 4247 752 4301 Tevemer
773 4251 804 4300 vt
827 4251 859 4300 12
881 4247 994 4302 termini
1019 4249 1049 4303 in
1073 4247 1177 4318 quibus
1200 4249 1334 4304 lectiones

245 4338 402 4394 ordinarias
414 4337 527 4392 audiuit
539 4353 588 4406 per
599 4336 733 4390 maiorem
747 4339 855 4405 partem
869 4335 898 4388 in
911 4340 972 4389 toto
990 4353 1055 4390 eum
1071 4335 1293 4407 oppositionibus
1305 4342 1335 4392 et

246 4427 474 4500 responsionibus
498 4425 643 4496 requisitis
666 4424 807 4480 sufficient
831 4425 856 4478 ei
881 4423 916 4478 sd
941 4424 1063 4479 finaliter
1088 4423 1333 4481 determinandum
