3376 5108
333 337 374 406 92
779 355 892 408 onnon
915 357 1007 408 Boon
1031 360 1053 408 Δ
1325 343 1491 430 [1553-54

332 515 438 572 Eadem
449 519 540 588 gratia
551 517 587 573 de
598 517 683 574 verbo
695 517 724 572 iu
738 517 854 574 verbum
872 519 1034 575 conceditur
1047 519 1169 574 Roberto
1186 518 1306 578 uranon
1321 521 1352 574 et
1363 518 1489 574 Johanni

331 689 405 746 Item
429 692 592 748 conceditur
615 693 750 749 Gervaaio
774 693 967 749 Wentworthe
993 693 1140 750 duodecim
1166 691 1304 767 [terminI]
1330 693 1360 748 in
1383 692 1488 764 quibua

401 779 534 836 lectiones
557 781 712 837 ordinarias
738 781 850 838 audiuit
874 783 940 839 iicet
967 800 1024 838 non
1050 783 1164 838 omnino
1188 782 1343 839 secundum
1367 782 1485 838 fonnem

400 869 501 923 statuti
521 887 584 925 cum
603 869 827 942 oppositionibus
845 876 875 926 et
892 871 1124 944 responsionibus
1138 871 1283 942 requisitis
1300 870 1442 926 sufficiunt
1461 869 1486 924 ei

400 955 436 1010 ad
455 956 680 1028 respondendum
700 959 840 1028 questioni

330 1041 436 1098 Eadem
447 1045 539 1115 gratia
550 1045 585 1100 de
596 1045 681 1101 verbo
694 1047 723 1101 iu
736 1046 853 1101 verbum
866 1046 1028 1102 conceditur
1039 1047 1057 1101 J
1059 1047 1162 1102 obanni
1181 1046 1325 1102 Robesono
1338 1045 1488 1102 Edmundo

400 1133 519 1204 Ryeeley
532 1133 636 1190 Sabino
648 1135 767 1206 Smythe
779 1135 882 1190 Irranni
894 1134 1062 1207 Whytgyr‘te
1079 1135 1228 1190 Edouardo
1244 1133 1487 1206 Knaryebrowghe

399 1227 428 1276 et
440 1222 566 1277 Antonio
578 1222 661 1295 Edyil

330 1307 404 1363 item
424 1311 586 1366 conceditur
604 1311 776 1366 Obristoiero
794 1312 916 1383 Iesoppe
936 1316 970 1367 vt
992 1317 1025 1366 12
1046 1313 1159 1367 termini
1180 1312 1209 1367 in
1229 1311 1334 1382 quibus
1354 1311 1487 1367 lectiones

398 1397 553 1454 ordinarias
570 1399 682 1455 audiuit
699 1400 765 1456 licet
783 1417 839 1454 non
859 1401 972 1454 omnino
991 1399 1145 1455 secundum
1162 1399 1281 1455 formam
1300 1399 1403 1455 statuti
1421 1415 1484 1454 cnm

399 1487 620 1557 oppositionibus
632 1493 662 1544 et
678 1488 905 1560 responsionibus
922 1489 1066 1559 requisitis
1082 1488 1224 1543 sufficient
1238 1489 1265 1542 ei
1277 1505 1328 1559 pro
1340 1486 1487 1559 completis

397 1575 485 1644 gradu
497 1581 527 1630 et
537 1577 627 1631 forma
639 1576 887 1632 baccheiaureettm
900 1577 929 1632 in
942 1575 1052 1632 artibus
1068 1578 1108 1632 sic
1121 1582 1152 1632 rt
1169 1578 1230 1632 eius
1246 1576 1367 1632 eruditio
1383 1577 1485 1632 exami-

398 1669 482 1717 netur
492 1666 523 1718 et
534 1663 705 1736 approbetur
716 1682 766 1736 per
777 1664 906 1720 dominos
918 1669 1112 1735 procuratores
1121 1672 1150 1722 et
1160 1667 1309 1737 magistros
1321 1666 1486 1722 Threlkelde

397 1754 427 1803 et
449 1749 533 1805 Ithell
550 1757 637 1822 atque
657 1751 827 1806 admittatur
844 1750 880 1806 ed
899 1750 1037 1823 placitum
1055 1753 1115 1808 aitte
1134 1753 1162 1807 in
1183 1754 1304 1808 tennino
1323 1754 1384 1809 siue
1405 1758 1484 1808 extra

396 1837 549 1892 terminum
566 1856 616 1909 per
632 1838 771 1910 predictos
787 1844 981 1910 procuratores
997 1846 1026 1895 et
1043 1841 1192 1912 magistros
1229 1841 1276 1896 ita
1293 1846 1389 1896 tamen
1408 1840 1483 1911 quod

396 1930 455 1980 stet
467 1926 496 1980 iu
508 1926 636 1997 proxima
647 1927 861 1998 quadragesimo
873 1927 902 1982 in
916 1928 1018 1983 sobolis
1030 1929 1151 2000 publicis

327 2013 401 2068 item
410 2013 571 2070 conceditur
580 2015 706 2070 Antonio
716 2014 831 2087 Oonnye
840 2020 872 2069 vt
885 2019 918 2069 12
928 2015 1041 2070 termIni
1051 2016 1183 2088 completi
1196 2015 1339 2088 inquibus
1351 2015 1484 2071 lectiones

396 2100 551 2157 ordinaries
566 2103 678 2158 audiuit
691 2107 721 2158 et
736 2102 895 2174 disputeuit
910 2103 977 2158 licet
995 2121 1050 2158 non
1068 2104 1183 2159 omnino
1194 2104 1349 2160 secundum
1361 2103 1480 2158 formam

397 2191 498 2245 statuti
511 2191 652 2246 sufficiant
664 2191 738 2246 eiad
751 2190 975 2263 respondendum
987 2193 1130 2262 questioni

326 2277 432 2332 Eadem
450 2278 541 2348 gratis
557 2277 593 2333 de
611 2277 695 2333 verbo
713 2278 742 2332 in
761 2277 877 2334 verbum
899 2278 1061 2335 conceditur
1079 2279 1199 2335 Cherolo
1220 2280 1357 2352 Wryghto
1378 2280 1484 2350 Rogero

398 2365 479 2438 Haye
491 2371 520 2421 et
533 2366 640 2422 Thome
653 2367 733 2421 Swen

204 2451 279 2510 t37
295 2471 313 2509 a
328 2453 401 2508 Item
425 2453 587 2510 conceditur
611 2453 792 2509 Manneduco
818 2455 981 2526 Pickeringo
1002 2463 1034 2510 vt
1055 2460 1086 2510 Il
1107 2456 1222 2511 termini
1242 2474 1307 2511 oum
1326 2473 1359 2511 eo
1378 2457 1408 2511 iu
1426 2472 1483 2526 quo

396 2541 635 2598 determinaturus
658 2549 702 2598 cet
726 2545 754 2598 in
778 2543 882 2614 quibus
903 2544 1037 2600 lectiones
1060 2544 1217 2600 ordinaries
1239 2544 1351 2600 audiuit
1374 2547 1404 2600 et
1426 2543 1481 2598 die·

397 2632 510 2703 putavit
526 2631 591 2687 licet
609 2650 665 2686 non
683 2633 799 2687 omnino
817 2633 971 2688 secundum
989 2633 1107 2688 sormam
1125 2634 1227 2688 statuti
1246 2632 1387 2689 sufficiant
1405 2631 1429 2687 ei
1447 2631 1482 2686 ed

397 2719 621 2790 respondendum
639 2720 780 2791 questioni

329 2809 402 2864 Item
425 2807 587 2863 conceditur
610 2807 733 2863 Gabrieli
759 2809 855 2864 Brisco
877 2813 909 2864 vt
932 2809 1079 2864 duodecim
1104 2809 1219 2864 termini
1245 2809 1274 2864 iu
1299 2807 1404 2879 quibus
1427 2808 1480 2862 leo·

397 2896 488 2951 tiones
503 2895 658 2951 ordinarius
673 2897 785 2952 audiuit
803 2914 852 2970 por
869 2897 1002 2952 maiorem
1021 2902 1131 2968 partem
1149 2894 1300 2952 cuiuslibet
1318 2895 1432 2950 termIni
1451 2896 1480 2950 in

397 2988 457 3039 toto
481 2984 547 3040 licet
568 3003 624 3040 non
644 2986 759 3040 omnino
779 2986 934 3042 secundum
954 2987 1074 3041 formam
1093 2985 1196 3040 statuti
1215 3002 1280 3040 oum
1299 2983 1481 3056 oppositioni-

397 3071 450 3127 bus
479 3077 509 3127 et
538 3072 765 3144 responsionibus
795 3074 938 3144 requisitis
964 3074 1105 3130 sufficiant
1134 3073 1160 3128 ei
1190 3072 1227 3128 ed
1256 3071 1479 3144 respondendum

394 3161 535 3231 questioni

326 3247 431 3303 Eadem
443 3249 533 3320 gratia
545 3247 580 3303 de
592 3247 676 3304 verbo
693 3250 721 3303 in
737 3248 854 3306 verbum
871 3249 1033 3305 conceditur
1050 3249 1173 3304 Henrico
1191 3250 1291 3305 Tatem
1308 3249 1481 3306 Christofero

397 3338 566 3393 Muloaetero
596 3336 714 3408 Georgio
746 3338 843 3394 Bereio
877 3338 1000 3394 Henrico
1031 3337 1149 3394 Warren
1179 3337 1315 3394 Nicholao
1346 3337 1479 3393 Richard-

396 3442 465 3480 sono
482 3423 585 3479 Joanni
607 3425 709 3478 Rames
730 3425 848 3495 Georgio
872 3425 983 3480 Fullero
1000 3424 1104 3480 Joanni
1123 3423 1275 3479 Mereballo
1293 3429 1322 3480 et
1341 3424 1480 3480 Richardo

396 3514 424 3569 N
426 3514 567 3569 icholsouo

326 3601 400 3657 Item
412 3599 573 3656 conceditur
590 3600 673 3654 Petro
692 3600 807 3655 Cartero
824 3607 856 3654 vt
872 3601 1001 3656 vndecim
1018 3599 1131 3656 termini
1148 3616 1214 3654 oum
1225 3615 1259 3653 eo
1275 3598 1304 3652 in
1318 3615 1375 3669 quo
1389 3598 1478 3654 deter-

395 3689 554 3745 minaturus
574 3693 618 3742 est
638 3689 666 3742 in
686 3687 790 3758 quibus
810 3687 966 3744 ordinariae
985 3687 1118 3743 lectiones
1135 3686 1247 3742 audiuit
1264 3685 1479 3758 disputauitque

395 3779 460 3834 licet
478 3795 534 3832 non
553 3777 667 3832 omnino
684 3777 836 3832 secundum
855 3777 975 3832 sormam
991 3777 1092 3832 statuti
1111 3774 1253 3831 sufficiant
1270 3774 1295 3830 ei
1312 3774 1348 3829 ad
1366 3793 1478 3846 respon·

294 3881 297 3886 “
394 3867 518 3924 dendum
536 3866 676 3938 questioni

325 3957 398 4012 Item
411 3954 572 4012 conceditur
584 3953 734 4010 Itdmundo
751 3955 847 4010 Hueto
863 3960 895 4009 vt
913 3960 945 4009 12
962 3955 1076 4010 termIni
1091 3954 1120 4009 in
1137 3953 1241 4026 quibus
1256 3952 1390 4008 lectiones
1406 3953 1478 4008 ordi·

394 4047 487 4103 nerias
507 4045 618 4100 audiuit
641 4060 691 4114 per
708 4045 842 4099 maiorem
860 4049 968 4116 partem
987 4041 1136 4098 cuiuslibet
1153 4041 1267 4098 termini
1285 4041 1315 4096 in
1333 4045 1396 4096 toto
1412 4042 1479 4097 licet

394 4152 450 4190 non
463 4133 577 4189 omniuo
588 4131 742 4188 secundum
754 4133 873 4187 formam
888 4131 990 4186 statuti
1003 4148 1067 4186 cum
1084 4127 1309 4202 oppoeIcionibue
1325 4133 1354 4184 et
1367 4146 1477 4201 respon·

394 4221 520 4277 sionibus
531 4219 675 4292 requisitis
686 4220 828 4276 sufficiant
839 4220 865 4275 ei
876 4219 913 4274 ad
925 4218 1150 4291 respondendum
1162 4217 1304 4290 questioni

323 4311 429 4367 Eadem
446 4311 537 4382 gratia
555 4308 590 4364 de
609 4307 693 4363 verbo
712 4309 741 4363 In
761 4309 878 4364 verbum
897 4307 1061 4364 conceditur
1078 4306 1223 4363 Leonardo
1244 4305 1353 4361 Baitero
1371 4307 1479 4362 Thome

392 4398 462 4471 Hyr]
