3378 5126
201 371 365 457 1585-86]
635 389 749 438 aanor
772 389 864 438 soon
888 391 910 436 a
1292 373 1356 436 405

270 542 428 615 archangeli
446 547 476 599 et
497 543 582 598 Pasce
601 561 652 615 per
670 543 783 615 equales
801 544 944 615 portiones
962 549 993 598 et
1010 561 1095 615 super
1112 543 1165 598 hac
1182 547 1277 597 vestra
1294 558 1358 596 con·

270 631 394 687 cessione
420 631 518 687 literas
545 630 669 686 habeant
694 638 802 687 vestras
829 637 960 703 patentes
987 631 1123 703 sigillatas
1148 634 1241 686 vestro
1268 629 1358 700 sigillo

269 722 413 776 communi

200 807 371 865 Conceditur
388 813 406 866 6
424 809 504 866 Junii
523 810 659 880 magistro
677 809 753 866 Edw.
773 809 853 882 Ellys
871 815 903 865 vt
921 810 960 865 sit
977 809 1012 865 de
1030 809 1146 864 consilio
1164 808 1358 864 vniuersitatis

271 904 300 953 et
318 898 487 954 sollicitator
506 897 631 953 eiusdem
654 898 683 952 in
702 899 795 954 causis
812 899 915 953 vestris
932 897 1062 970 juridicis
1080 904 1109 952 ct
1127 915 1178 969 pro
1195 896 1289 952 labore
1307 913 1358 951 suo

272 986 374 1042 habeat
395 988 544 1042 annuatim
566 985 617 1041 xls
637 985 735 1056 legalis
756 993 800 1041 etc
822 1004 872 1057 per
893 1004 995 1042 manus
1018 986 1125 1042 domini
1150 984 1358 1056 procancellarii

271 1091 321 1144 pro
339 1081 465 1145 tempore
481 1073 630 1128 existentis
646 1072 681 1128 ad
696 1073 770 1128 festa
783 1074 874 1128 sancti
893 1073 1039 1128 Michaelis
1055 1072 1215 1144 archangeli
1230 1079 1259 1127 et
1273 1073 1358 1127 Pasce

271 1178 321 1231 per
336 1162 450 1232 equales
466 1161 610 1232 portiones
627 1178 678 1231 pro
694 1160 789 1215 labore
804 1167 834 1216 et
850 1162 967 1216 consilio
984 1179 1034 1216 suo
1050 1163 1079 1215 in
1092 1165 1235 1232 posterum
1247 1161 1357 1215 vniuer·

271 1249 349 1304 sitati
376 1248 563 1321 impendendo
588 1247 725 1318 quamdiu
749 1248 911 1304 huiuamodi
935 1267 1050 1304 munere
1075 1256 1104 1304 et
1132 1249 1212 1305 feodo
1239 1250 1359 1320 gaudere

272 1338 361 1408 possit
382 1355 432 1410 per
452 1336 685 1392 consuetudinem
710 1337 795 1391 huius
816 1338 893 1408 regni
915 1337 1017 1408 Anglie
1037 1343 1068 1392 et
1087 1355 1172 1408 super
1192 1339 1244 1392 hac
1265 1344 1359 1393 vestra

271 1426 449 1480 concessione
467 1425 565 1480 literas
582 1423 687 1479 habeat
705 1423 842 1494 sigillatas
860 1425 952 1495 sigillo
970 1431 1063 1480 vestro
1081 1425 1222 1479 communi

203 1513 373 1568 Conceditur
384 1513 481 1569 eodem
494 1531 559 1568 cum
572 1512 664 1567 multa
676 1512 735 1566 sint
747 1517 777 1566 et
786 1513 864 1566 varia
876 1512 929 1568 hoc
940 1513 1089 1584 presertim
1101 1517 1226 1584 tempore
1239 1511 1359 1567 londini
1457 1543 1459 1548 ·

273 1601 419 1657 sribeunda
435 1604 465 1657 in
478 1603 582 1673 quibus
597 1607 657 1657 tam
672 1602 812 1658 malitiose
826 1609 919 1658 vestra
931 1603 1039 1674 petitur
1051 1602 1208 1674 respublica
1219 1609 1251 1658 vt
1263 1619 1358 1658 veren-

273 1689 342 1745 dum
358 1707 426 1746 sane
438 1708 495 1762 quo
511 1709 541 1746 se
559 1689 673 1745 tandem
691 1690 862 1746 insulsorum
874 1689 1051 1762 quorundam
1066 1691 1162 1745 efferat
1176 1691 1291 1746 audatia
1304 1691 1360 1744 nisi

274 1785 368 1834 vestra
379 1779 549 1833 auctoritate
561 1778 744 1849 designentur
755 1781 805 1850 qui
817 1779 846 1834 id
859 1784 946 1850 agant
957 1779 1054 1834 scdulo
1069 1797 1104 1834 ne
1119 1779 1187 1850 quid
1203 1778 1360 1852 respublica

273 1874 368 1922 vestra
387 1866 552 1921 detrimenti
574 1867 669 1938 capiat
690 1867 782 1939 placet
803 1867 883 1922 vobis
901 1877 933 1923 vt
955 1885 1048 1924 rerum
1070 1869 1221 1924 earundem
1243 1887 1310 1922 cura
1330 1871 1360 1922 et

275 1955 435 2024 procuratio
455 1953 554 2008 eadem
574 1957 669 2008 vestra
688 1955 859 2009 auctoritate
878 1955 1090 2010 commendetur
1110 1955 1233 2010 dominis
1253 1955 1360 2010 doctori

278 2043 365 2097 Peme
381 2047 410 2098 et
426 2041 534 2096 docmri
554 2043 641 2112 Binge
659 2043 900 2098 exercitatissimis
917 2045 1018 2098 vestris
1034 2052 1063 2099 et
1080 2062 1215 2115 perquam
1233 2043 1361 2099 fidelibus

275 2130 443 2185 consiliariis
462 2134 492 2184 et
514 2130 644 2201 Philippo
664 2131 792 2202 Stringer
811 2131 918 2186 badello
938 2133 979 2187 sic
998 2138 1029 2186 vt
1046 2150 1117 2203 quos
1136 2132 1200 2187 inde
1220 2133 1362 2187 moderate

275 2223 404 2290 sumptos
417 2220 480 2289 (sic)
492 2218 610 2273 fecerint
624 2237 640 2274 e
652 2228 745 2276 vestro
761 2221 904 2274 communi
921 2221 1102 2292 depromatur
1115 2221 1177 2293 (sic)
1189 2222 1279 2276 erario
1317 2221 1362 2274 Ita

276 2312 370 2363 tamen
389 2311 421 2361 vt
441 2306 525 2364 rebus
546 2306 661 2362 tandem
683 2309 804 2378 peractis
824 2315 957 2380 sumptus
977 2308 1079 2364 deinde
1098 2309 1294 2364 examinentur
1313 2326 1362 2379 per

275 2395 420 2451 dominum
433 2393 679 2466 procancellarium
692 2403 721 2451 at
733 2396 860 2452 doctores
877 2397 966 2453 Fulke
978 2397 1057 2452 Goed
1075 2398 1182 2468 Norgat
1198 2404 1227 2451 et
1245 2398 1318 2521 Legg
1333 2401 1363 2451 et

275 2502 371 2540 eorum
389 2485 515 2540 censuris
532 2484 703 2539 fidelissimis
721 2485 912 2558 approbentur

207 2573 376 2629 Conceditur
392 2573 454 2646 viij⁰
469 2573 540 2628 Julii
561 2576 629 2629 1586
673 2575 767 2642 Quum
785 2575 906 2646 equitati
923 2561 953 2629 et
969 2574 1080 2645 justitia
1098 2575 1192 2645 regule
1210 2591 1362 2628 consonum

276 2661 404 2717 videatur
415 2667 448 2717 vt
459 2661 604 2733 collegium
619 2662 782 2717 Emanuelis
794 2680 885 2734 nuper
896 2661 1018 2716 edificari
1035 2668 1149 2733 ceptum
1162 2667 1191 2716 et
1202 2661 1263 2732 jam
1276 2678 1363 2733 propo

275 2748 436 2805 absolutum
457 2756 518 2805 tam
539 2749 574 2804 ad
596 2767 681 2805 onera
701 2749 851 2805 academia
872 2749 987 2805 ferenda
1007 2766 1094 2820 quam
1114 2749 1151 2804 ad
1170 2749 1362 2820 suscipiendos

277 2837 396 2893 honores
416 2843 446 2892 et
464 2837 654 2893 emolumenta
673 2837 798 2893 eiusdem
819 2837 978 2906 assignetur
996 2842 1026 2891 et
1046 2837 1119 2892 inter
1137 2841 1230 2892 cetera
1248 2837 1362 2909 collegia

277 2925 307 2981 in
331 2925 448 2997 prefatis
472 2926 637 2981 muneribus
659 2932 690 2982 et
713 2925 867 2981 commodis
890 2943 942 2981 suo
966 2925 1063 2980 ordine
1086 2925 1237 2981 collocetur
1260 2932 1290 2980 et
1311 2944 1361 2980 nu-

277 3019 400 3070 meretur
419 3013 514 3069 Placet
530 3013 611 3069 vobis
623 3017 654 3068 vt
671 3013 803 3068 dominus
819 3013 1061 3068 vicecancellarius
1079 3019 1109 3068 et
1125 3014 1228 3084 singuli
1246 3014 1362 3085 prefecti

277 3102 404 3158 omnium
419 3101 596 3172 collegiorum
611 3100 687 3156 donli
699 3107 844 3172 presentes
856 3107 885 3156 et
898 3101 927 3155 in
939 3119 1036 3155 eorum
1048 3100 1177 3156 absentie
1189 3119 1285 3156 eorum
1298 3101 1361 3157 sub·

277 3192 373 3247 stituti
391 3196 421 3246 et
438 3191 512 3246 vices
528 3195 655 3262 gerentes
671 3208 735 3245 cum
752 3191 827 3245 socio
843 3191 978 3261 cuiusque
995 3190 1100 3260 collegii
1120 3191 1242 3245 maximo
1260 3191 1362 3245 seniori

277 3287 346 3336 tunc
370 3288 500 3352 presente
521 3279 578 3333 iam
603 3285 747 3351 receptum
772 3277 898 3333 ordinem
921 3279 1041 3333 ferinam
1062 3284 1091 3332 et
1112 3279 1212 3333 seriem
1233 3296 1362 3349 procura·

278 3376 372 3424 torum
384 3373 545 3423 tenatorum
557 3372 587 3422 et
598 3372 789 3422 scrutatorum
804 3366 1038 3421 nominandorum
1051 3366 1136 3421 huius
1148 3366 1289 3422 academie
1301 3384 1362 3420 nec-

279 3477 336 3514 non
352 3457 479 3512 ordinem
496 3463 525 3512 et
541 3457 662 3512 formam
674 3455 892 3512 combinacionis
904 3456 933 3510 in
946 3455 1117 3527 disputando
1129 3460 1160 3510 et
1170 3455 1363 3526 respondendo

279 3547 309 3602 in
325 3545 451 3618 qualibet
468 3545 602 3600 facultate
618 3549 648 3600 et
663 3543 853 3599 concionando
866 3542 1018 3614 diligenter
1033 3544 1186 3614 inspiciant
1200 3551 1230 3598 et
1246 3562 1296 3615 pro
1312 3561 1362 3598 suu

278 3634 429 3707 prudentia
447 3639 506 3688 tam
524 3633 617 3704 quoad
637 3631 795 3704 predictum
813 3631 978 3686 Emanuelis
999 3630 1146 3702 collegium
1165 3649 1252 3702 quam
1271 3632 1366 3703 quoad

279 3729 371 3780 cetera
392 3722 507 3794 collegia
527 3723 668 3793 corrigant
692 3721 842 3777 emendent
863 3721 1039 3776 constituant
1060 3726 1089 3775 et
1109 3722 1252 3792 assignent
1273 3721 1364 3775 sicvt

280 3813 309 3868 id
325 3817 420 3868 ratum
437 3815 466 3866 et
482 3829 533 3883 pro
549 3816 659 3866 statuto
675 3810 813 3865 habeatur
829 3810 904 3881 quod
921 3810 1011 3865 maior
1026 3827 1092 3880 pars
1107 3826 1203 3865 eorum
1220 3827 1284 3864 cum
1300 3827 1364 3864 con·

280 3919 364 3956 sensu
389 3900 497 3956 domini
523 3900 730 3971 procanoellarii
756 3917 806 3971 per
831 3916 966 3954 manuum
992 3917 1107 3953 suarum
1131 3899 1364 3970 subscriptionem

279 3989 433 4045 decreverit
451 3994 518 4044 ante
537 3989 661 4061 primum
679 3988 754 4044 diem
773 3988 893 4059 proximi
911 3987 1025 4042 termini
1070 3987 1108 4041 Et
1125 3986 1201 4057 quod
1218 3986 1364 4058 collegium

280 4076 390 4132 nullum
414 4077 537 4148 aliquem
558 4075 595 4130 ad
616 4075 729 4146 aliquod
754 4075 943 4146 predictorum
968 4091 1115 4129 munerum
1140 4081 1190 4128 aut
1211 4074 1365 4128 officiorum

280 4163 439 4220 nominabit
462 4170 512 4218 aut
537 4164 621 4246 eliget
644 4167 797 4233 antequam
822 4162 924 4233 prefati
948 4160 1067 4232 delegati
1092 4161 1143 4215 hoc
1163 4179 1215 4216 suo
1235 4162 1364 4215 commis·

280 4253 367 4307 sionis
387 4269 502 4308 munere
519 4251 645 4308 defuncti
663 4250 770 4306 fuerint
787 4256 818 4305 ot
838 4249 908 4305 illud
927 4267 1020 4305 coram
1040 4255 1140 4304 senatu
1160 4248 1365 4321 publicaverint

280 4341 405 4411 exceptis
424 4339 480 4394 illis
499 4340 548 4410 qui
570 4341 599 4394 in
619 4339 743 4410 presenti
762 4338 798 4392 ad
817 4337 908 4393 officia
926 4342 1138 4409 procuratorum
1157 4341 1316 4392 taxatorum
1336 4345 1365 4390 et

280 4434 470 4484 scrutatorum
488 4429 576 4483 futuri
596 4428 662 4482 anni
681 4445 732 4498 per
749 4426 895 4498 collegium
913 4425 994 4482 electi
1012 4431 1081 4480 sunt
1099 4432 1128 4480 ct
1146 4425 1283 4480 nominati
