3344 5110
193 353 358 438 1547-48]
628 371 741 420 asson
764 371 856 420 soon
881 374 903 421 e
1305 363 1347 426 49

192 523 266 581 Item
277 523 439 581 oonoeditur
455 525 577 582 Roberto
589 525 672 582 Shaw
684 529 716 581 vt
732 546 749 581 x
761 527 875 582 termini
890 527 920 584 in
932 528 1036 600 quibus
1047 530 1182 586 lectiones
1193 530 1349 585 ordissriss

261 613 374 670 audiuit
388 615 453 671 lieet
465 633 522 670 non
533 616 649 670 omnino
665 615 820 671 seeundum
836 616 955 672 formam
972 618 1074 673 statuti
1091 635 1156 673 eum
1168 619 1348 689 oppositioni-

262 698 315 756 bus
335 706 366 756 et
393 701 620 773 responsionibus
643 703 788 773 mquisItis
808 703 949 758 sufficient
972 705 998 759 ei
1025 722 1076 776 pro
1099 705 1238 776 completo
1260 707 1348 777 gradu

262 788 509 846 beoebelaureatus
532 791 562 846 in
586 791 696 846 artibus
733 790 780 845 Ita
800 791 875 862 quod
899 792 959 847 eius
983 792 1104 848 eruditio
1124 793 1300 850 examinetur
1319 799 1349 851 et

260 874 432 946 approbetur
457 893 508 946 per
531 876 680 947 magistros
709 875 841 930 Bullooke
865 879 895 932 et
923 876 1026 947 Taylor
1054 879 1189 948 quoniam
1217 879 1348 936 determi-

262 964 405 1019 nationem
421 965 578 1036 proximam
587 965 655 1019 ‘sine
670 965 792 1020 maximo
803 981 854 1018 suo
866 965 1012 1037 dispondio
1024 971 1171 1038 expectare
1183 985 1239 1023 non
1256 973 1350 1040 potest

192 1051 265 1107 Item
279 1052 442 1109 oonoeditur
457 1054 583 1109 Arthuro
595 1054 728 1109 Yelderte
746 1059 778 1108 vt
797 1057 830 1108 12
843 1055 956 1109 temrini
974 1055 1003 1109 in
1015 1055 1120 1126 quibus
1131 1056 1264 1112 lectiones
1276 1057 1348 1112 ordi·

262 1141 355 1195 nerias
376 1142 487 1197 audiuit
508 1160 557 1213 per
577 1145 710 1198 maiorem
731 1149 842 1214 portem
861 1143 891 1198 in
912 1146 974 1198 toto
993 1161 1057 1199 oum
1079 1145 1302 1216 oppositionibus
1319 1150 1349 1201 et

262 1230 489 1301 responsionibus
506 1231 649 1302 requisitis
667 1231 808 1287 sufficiant
825 1232 851 1286 ei
868 1231 905 1287 ed
923 1233 1148 1304 respondendum
1165 1233 1306 1304 questioni

192 1316 298 1372 iisdem
315 1319 406 1389 gretia
423 1318 458 1374 de
476 1320 560 1374 verbo
582 1321 610 1376 in
632 1320 748 1376 verbum
765 1319 927 1376 ooneeditur
944 1321 1048 1377 Ioanni
1065 1321 1195 1376 Welkem
1214 1321 1349 1377 Nieboleo

262 1407 397 1479 Curtysse
421 1408 559 1464 Riohsrdo
583 1409 687 1481 Whyte
711 1409 851 1464 Gulielmo
877 1408 1064 1481 Dodyngtonn
1092 1408 1232 1464 Riehsido
1254 1410 1349 1480 Anger

261 1494 412 1551 Edmundo
431 1497 506 1568 Ayre
526 1497 662 1554 Eduardo
681 1499 875 1570 Watkynsono
896 1497 1068 1554 Christoiero
1090 1497 1220 1554 Wsikero
1244 1503 1273 1553 et
1295 1498 1347 1553 Ito·

262 1581 369 1652 didpho
388 1583 492 1638 Ieuero

192 1667 267 1723 Item
290 1669 452 1726 eonoeditur
469 1671 576 1726 Thome
595 1671 701 1725 Homes
718 1675 751 1724 vt
771 1674 803 1724 12
821 1670 935 1724 termini
953 1670 983 1724 in
1001 1655 1105 1742 quibus
1122 1671 1257 1726 lectiones
1275 1671 1347 1726 ordi·

262 1756 355 1812 nerias
375 1758 486 1814 audiuit
507 1777 557 1831 per
577 1760 710 1814 maiorem
729 1765 839 1830 pertem
860 1759 890 1813 in
911 1763 973 1814 toto
992 1777 1057 1814 oum
1078 1758 1301 1830 oppositionibus
1318 1763 1348 1815 et

262 1847 489 1917 responsionibus
501 1847 644 1919 requisitis
655 1847 796 1904 sufficiant
808 1849 833 1902 ei
845 1847 881 1902 ed
894 1847 1118 1921 respondendum
1127 1848 1267 1919 questioni
1302 1847 1348 1903 Sia

262 1938 295 1987 vt
308 1935 368 1989 eius
380 1934 502 1989 eruditio
517 1934 687 2007 approbetur
702 1953 753 2007 per
764 1942 872 1991 vestros
883 1937 1056 2007 opp0sItores
1072 1936 1157 1991 buius
1168 1936 1236 1991 enni
1247 1941 1277 1991 et
1290 1941 1348 1992 stet

261 2039 326 2077 oum
338 2023 438 2078 esteris
449 2021 720 2078 determinatoribus
726 2027 841 2095 propter
853 2022 1030 2079 sodalitatem
1044 2040 1130 2094 quam
1141 2025 1271 2096 expectat

193 2110 267 2166 Item
291 2111 452 2167 eonesditur
471 2111 575 2167 Ioanni
595 2113 745 2184 Atkynsou
769 2116 802 2167 vt
824 2129 872 2168 sex
897 2112 1011 2167 termini
1035 2113 1064 2167 in
1089 2111 1192 2183 quibus
1215 2111 1348 2168 lectiones

262 2197 416 2253 ordInarias
433 2198 544 2254 audiuit
562 2199 628 2255 lieet
645 2218 701 2255 non
720 2200 835 2255 omnino
852 2199 1007 2256 wordum
1025 2200 1143 2255 fororem
1162 2200 1264 2255 statuti
1283 2217 1348 2255 oum

262 2284 485 2356 oppositionibus
505 2294 534 2341 et
558 2285 785 2359 responsionibus
801 2287 944 2358 requisitis
964 2288 1106 2342 sufficiant
1126 2288 1151 2342 ei
1175 2287 1212 2343 ad
1235 2304 1347 2358 respon-

263 2373 384 2430 dendum
403 2375 545 2446 questioni

192 2542 266 2597 Item
282 2543 443 2600 eonnectitur
459 2543 562 2599 Ioanni
579 2543 742 2615 Goodryeke
757 2547 789 2598 vt
805 2560 905 2598 novem
922 2542 1036 2597 temrini
1050 2542 1181 2613 onmpleti
1199 2541 1229 2596 in
1245 2540 1348 2612 quibus
1360 2528 1380 2588 f·
1398 2527 1465 2588 20b

260 2633 392 2688 lectiones
404 2632 559 2688 ordinarias
574 2632 685 2687 audiuit
701 2650 752 2704 per
763 2632 896 2686 maiorem
914 2635 1022 2702 partem
1040 2630 1069 2684 in
1087 2635 1148 2684 toto
1160 2647 1224 2685 oum
1239 2630 1348 2701 opposi-

260 2721 385 2776 tionibus
402 2725 432 2776 et
451 2721 678 2792 responsionibus
695 2719 840 2791 requisitis
861 2718 1004 2774 sufficiant
1020 2717 1045 2773 ei
1066 2716 1102 2772 sd
1123 2716 1348 2789 respondendum

262 2809 402 2879 questioni
419 2809 501 2864 modo
513 2810 573 2864 eius
585 2807 715 2863 doctriua
728 2808 765 2863 eb
777 2807 985 2880 oppositeribus
1001 2807 1086 2861 huius
1097 2807 1165 2862 euni
1180 2805 1349 2879 approbetur

261 2899 292 2950 et
309 2900 367 2951 stet
384 2913 448 2950 oum
469 2896 570 2951 oeteris
586 2895 852 2950 determinatoribus
869 2899 983 2966 propter
1001 2892 1180 2947 sodalitatem
1198 2909 1284 2962 quem
1302 2909 1348 2946 ex-

263 2988 358 3054 mut

193 3070 267 3125 Item
281 3070 443 3125 eoneedItur
454 3069 557 3125 Ioanni
571 3070 655 3141 Guyn
668 3073 701 3123 vt
712 3068 807 3124 desem
824 3069 936 3124 termini
950 3085 1014 3122 eum
1027 3085 1059 3122 eo
1071 3067 1101 3122 in
1113 3085 1169 3138 quo
1180 3067 1348 3122 determIns·

263 3161 343 3212 turus
359 3158 388 3212 in
407 3157 510 3229 quibus
526 3157 660 3212 lectiones
677 3156 832 3211 ordinarias
850 3154 961 3211 audiuit
979 3173 1028 3226 per
1043 3156 1177 3210 maiorem
1193 3160 1302 3227 purtem
1319 3155 1348 3209 in

262 3251 323 3302 toto
334 3246 400 3301 lieet
416 3263 471 3301 non
489 3246 604 3301 omnino
620 3245 773 3300 seeundum
792 3245 911 3300 sormam
927 3244 1029 3298 statuti
1046 3261 1111 3298 oum
1127 3241 1350 3314 oppositionibus

262 3339 292 3390 et
303 3332 531 3406 responsionibus
542 3333 686 3403 requisitis
697 3334 839 3389 sufficiant
851 3333 876 3387 ei
888 3332 924 3387 sd
938 3331 1161 3403 respondendum
1173 3331 1315 3402 questioni

192 3419 298 3476 Eadem
310 3421 401 3492 gratia
412 3421 447 3474 ds
459 3419 544 3474 verbo
555 3421 585 3474 in
599 3419 715 3475 verbum
727 3420 889 3474 coneeditur
902 3419 1036 3473 Nioholeo
1050 3418 1201 3491 Robynson

192 3507 265 3563 Item
283 3507 444 3562 conceditur
461 3507 601 3562 Gulielmo
619 3508 747 3561 Denman
761 3515 792 3560 vt
810 3506 904 3561 decem
923 3506 1036 3560 termini
1054 3504 1199 3576 inquibus
1216 3506 1349 3561 lectiones

262 3593 416 3649 ordinarias
428 3593 539 3648 audiuit
556 3610 605 3664 per
617 3593 752 3647 maiorem
765 3597 874 3663 portem
890 3593 920 3647 In
933 3597 994 3647 toto
1006 3609 1071 3646 eum
1083 3591 1307 3664 oppositionIbus
1319 3598 1349 3647 et

261 3680 489 3752 responsionibus
501 3680 645 3750 requisitis
656 3679 797 3734 sufficient
809 3679 834 3734 ei
847 3679 882 3734 ed
895 3678 1120 3750 respondendum
1133 3679 1273 3748 questioni

191 3769 266 3823 Item
280 3769 442 3823 oonoeditur
459 3767 595 3823 bidwsido
613 3767 716 3839 Taylor
732 3773 763 3822 vt
779 3767 908 3822 vndeoim
925 3767 1040 3822 termIni
1058 3785 1123 3822 cum
1138 3784 1172 3821 eo
1189 3767 1218 3822 in
1234 3785 1290 3838 quo
1305 3771 1349 3822 est

261 3856 500 3912 determmaturus
518 3858 547 3912 iu
565 3855 669 3928 quibus
687 3857 820 3911 lectiones
838 3855 991 3911 ordinarias
1012 3855 1123 3910 audiuit
1144 3872 1194 3926 per
1215 3855 1348 3910 maiorem

261 3949 371 4016 partem
389 3945 418 3999 in
437 3949 498 3999 toto
516 3963 581 4000 cum
597 3942 821 4016 oppositionibus
837 3951 867 4000 et
885 3943 1112 4016 responsionibus
1130 3943 1273 4014 requisitis
1291 3942 1348 3998 sui-

261 4033 358 4088 fieiant
375 4033 401 4088 ei
419 4033 454 4088 ad
473 4033 696 4106 respondendum
715 4035 856 4104 questioni

192 4122 265 4176 Item
278 4120 440 4176 connectitur
451 4122 558 4176 Thome
571 4123 686 4192 Lskyno
698 4127 731 4176 vt
749 4126 781 4176 12
793 4122 906 4176 termini
922 4138 985 4175 eum
999 4138 1032 4175 eo
1048 4121 1077 4175 In
1090 4137 1147 4190 quo
1158 4124 1202 4174 est
1218 4117 1348 4173 determ-

262 4213 381 4264 naturus
401 4211 429 4263 in
448 4209 552 4280 quibus
570 4209 703 4264 lectiones
721 4209 875 4264 ordinarias
892 4209 1002 4265 audiuit
1024 4227 1073 4280 per
1089 4209 1222 4263 maiorem
1239 4212 1349 4279 partem

261 4296 290 4351 in
307 4303 368 4352 toto
381 4315 436 4352 vus
447 4315 512 4352 oum
524 4297 748 4369 oppositionibus
764 4303 794 4353 et
812 4297 1040 4369 responsionibus
1052 4295 1196 4366 requisitis
1208 4295 1350 4351 sufficiant

262 4386 287 4440 ei
300 4385 335 4440 ad
348 4385 573 4457 respondendum
586 4387 726 4457 questioni

272 4515 298 4557 1..
316 4517 354 4560 iv.
1025 4508 1028 4516 ’
1249 4498 1267 4555 4
