3398 5122
319 325 383 388 llo
753 335 867 383 aaron
890 334 983 382 soon
1006 333 1029 381 Δ
1309 316 1476 401 [1588-89

388 495 421 546 vt
437 491 571 562 magister
582 489 694 561 Wright
711 489 767 546 Tri.
786 489 920 559 magister
937 489 1075 544 Fumosae
1091 487 1134 544 Jc.
1152 493 1182 544 et
1198 487 1281 542 Astle
1297 487 1403 558 Regina
1418 487 1478 540 sint

388 580 531 634 auditores
542 579 613 632 cista
626 577 793 648 Darlingtcn
806 582 835 632 et
848 578 951 633 Exoter
991 577 1066 632 Item
1076 583 1108 632 vt
1120 577 1247 647 magistri
1259 575 1406 646 Chapman
1418 574 1475 629 Tri.

389 668 530 722 Atherton
543 667 648 738 Regina
660 669 690 720 et
703 665 792 721 Forde
804 665 861 720 Tri.
875 667 934 720 sint
946 665 1088 721 auditores
1100 665 1170 720 cista
1182 665 1238 720 'Iti

318 755 488 811 Conceditur
501 760 534 810 13
546 755 675 810 Januarii
719 754 792 809 Cum
804 757 1002 825 postmortem
1019 753 1126 808 Thome
1144 753 1244 808 Folkes
1258 751 1476 824 unperflrmarii

388 845 505 900 rectoria
514 849 606 899 vestre
617 843 653 899 de
666 843 786 898 Burwell
798 843 942 898 contentio
955 843 1049 914 aliqua
1061 860 1111 898 seu
1119 842 1238 898 dubium
1247 841 1389 912 quoddam
1401 842 1477 895 inter

388 933 560 988 academiam
580 937 609 987 et
626 931 785 987 Jchannem
805 932 917 1001 Grange
935 932 992 1002 (ius
1009 937 1038 986 et
1057 932 1192 986 interesse
1209 931 1279 985 dicti
1301 927 1401 985 Folkes
1419 929 1476 984 cla-

388 1023 525 1091 mantem)
546 1021 582 1077 de
603 1027 633 1076 et
656 1038 741 1092 snper
764 1022 882 1076 rectoria
903 1025 996 1076 vestre
1016 1021 1107 1076 locate
1128 1019 1337 1075 conditionibus
1357 1019 1477 1090 contigit

389 1109 485 1165 Placet
503 1109 583 1165 vobis
601 1115 633 1164 vt
652 1111 779 1181 magistri
798 1110 836 1164 Dr
854 1109 929 1180 Legg
945 1113 976 1164 at
994 1108 1070 1165 Edw.
1084 1109 1160 1164 Elias
1178 1109 1355 1180 negociorum
1370 1110 1476 1162 vestro·

388 1214 451 1251 rum
468 1197 634 1253 sollicitator
645 1202 739 1253 vestro
750 1199 866 1253 nomine
878 1196 987 1269 syndici
1004 1198 1190 1253 commissarii
1206 1198 1326 1253 factores
1337 1201 1367 1251 et
1380 1195 1475 1251 nuntii

387 1284 523 1355 speciales
543 1283 718 1356 deputentur
739 1286 816 1355 (cum
835 1283 918 1355 plena
938 1283 1075 1339 facultate
1096 1283 1225 1338 tradendi
1246 1285 1384 1356 scriptum
1404 1281 1474 1337 obli·

387 1373 526 1443 gatorium
549 1379 673 1428 vestrum
695 1378 726 1428 et
746 1372 877 1428 similiter
901 1372 1054 1443 recipiendi
1075 1373 1222 1428 consimile
1246 1374 1384 1444 scriptum
1405 1371 1475 1427 dicti

387 1459 527 1516 Johannis
548 1459 671 1531 Grange)
692 1460 729 1515 ad
752 1459 924 1516 audiendum
948 1459 1162 1531 intelligendum
1186 1465 1216 1515 et
1240 1460 1362 1514 finaliter
1384 1459 1475 1515 deter-

388 1546 555 1602 minandum
568 1565 633 1602 cum
646 1547 760 1602 domino
772 1547 886 1602 doctore
901 1546 998 1618 Bynge
1009 1553 1039 1602 et
1050 1549 1185 1618 magistro
1200 1548 1347 1604 Frandm
1360 1547 1476 1618 Brakyn

387 1635 502 1691 arbitris
518 1636 548 1691 in
565 1636 618 1692 hac
634 1653 720 1691 causa
735 1654 785 1707 per
799 1634 907 1691 dicium
919 1636 1078 1690 iohannem
1091 1637 1202 1707 Grange
1214 1636 1368 1692 nominatis
1379 1635 1475 1691 omnia

386 1727 416 1778 et
436 1724 546 1794 singula
566 1741 622 1795 que
643 1723 678 1779 ad
700 1724 807 1778 dictam
828 1724 1047 1779 controversiam
1072 1728 1203 1796 spectant
1246 1725 1285 1779 Et
1305 1725 1421 1796 insuper
1441 1729 1475 1778 vt

386 1811 530 1867 academia
550 1831 600 1884 per
623 1813 761 1884 scriptum
782 1830 866 1868 suum
887 1811 1084 1882 obligatorium
1104 1813 1195 1884 sigillo
1217 1818 1310 1869 vestro
1331 1813 1474 1868 communi

386 1903 529 1957 munitum
545 1902 685 1973 obligetur
701 1903 730 1957 in
746 1919 858 1957 summa
870 1901 1088 1973 quingentarum
1100 1903 1236 1959 librarum
1248 1908 1361 1958 monete
1372 1902 1475 1973 Anglie

386 1988 463 2044 dicto
479 1990 590 2060 Grange
609 1989 644 2044 ad
665 1989 850 2061 prestandum
870 1990 965 2044 omnia
981 1993 1011 2044 et
1027 1990 1138 2061 singula
1154 2009 1204 2062 per
1219 1995 1327 2045 vestrm
1342 1989 1475 2061 syndicos

386 2079 446 2135 sive
457 2079 664 2134 commissarios
677 2078 781 2150 (quoad
793 2078 868 2133 hanc
883 2080 1103 2134 controversiam
1121 2096 1172 2150 per
1190 2079 1269 2134 litem
1290 2079 1408 2148 motam)
1426 2079 1475 2134 de-

386 2171 463 2222 creta
479 2173 508 2222 at
524 2168 649 2222 iudicata
665 2168 749 2222 sicvt
765 2165 915 2221 arbitrium
933 2167 1075 2220 sententia
1086 2170 1115 2221 et
1128 2166 1220 2221 linaiis
1231 2167 1431 2222 determinacic
1443 2167 1473 2222 in

387 2258 501 2329 scriptis
516 2257 673 2313 indentatis
688 2262 824 2328 concepta
837 2256 997 2327 subscripta
1011 2263 1040 2311 et
1053 2256 1152 2327 sigillis
1167 2257 1340 2327 prefatorum
1352 2261 1475 2327 quatuor

386 2344 556 2400 arbitrorum
575 2345 635 2399 sive
653 2342 854 2400 arbitratorum
872 2344 1020 2415 signentur
1036 2347 1066 2399 et
1084 2343 1174 2398 altera
1193 2361 1260 2414 pars
1280 2343 1395 2399 domino
1412 2361 1475 2415 pro-

388 2432 552 2487 cancellaric
570 2439 621 2488 aut
639 2433 701 2487 eius
718 2431 855 2503 deputato
874 2431 1004 2486 tradetur
1024 2432 1096 2486 citra
1116 2431 1221 2487 festum
1244 2432 1328 2487 Pasce
1349 2435 1475 2504 proxime

388 2538 508 2590 sequens
551 2537 583 2575 ea
602 2525 698 2575 tamen
720 2519 880 2575 conditione
899 2527 931 2575 vt
950 2519 1044 2575 dictus
1064 2520 1107 2574 Jo.
1129 2519 1239 2591 Grange
1258 2519 1294 2575 ad
1315 2522 1475 2577 consimiles

388 2608 562 2664 conditiones
580 2608 660 2664 vobis
677 2627 727 2680 per
744 2609 837 2664 omnia
858 2608 1023 2680 prestandas
1040 2609 1158 2663 firmiter
1176 2608 1314 2679 obligetur

318 2697 487 2752 Conceditur
511 2699 545 2751 28
569 2697 698 2752 ‚Ianuarii
724 2701 755 2751 vt
778 2697 860 2752 litere
887 2701 1034 2751 atturnate
1060 2695 1142 2750 modo
1169 2697 1241 2751 lecte
1264 2697 1355 2767 sigillo
1378 2702 1474 2752 vestro

388 2787 529 2840 communi
548 2786 707 2856 sigillentur

317 2873 488 2928 Cenceditm
506 2878 539 2928 lo
559 2874 656 2928 Martii
700 2873 773 2928 Cum
789 2873 948 2929 Willelmus
967 2873 1226 2944 Dennys'legitima
1243 2874 1413 2930 auctoritate
1432 2877 1474 2930 iu-

388 2961 498 3018 hibitus
521 2963 628 3018 vltimis
652 2963 754 3018 vestris
784 2963 894 3033 magnis
922 2962 1044 3016 comitiis
1068 2961 1155 3015 creari
1180 2977 1236 3015 ncn
1262 2963 1357 3033 potuit
1380 2963 1474 3034 placet

387 3051 469 3106 vobis
483 3057 515 3106 vt
531 3052 592 3106 eius
608 3052 712 3106 creatio
729 3053 759 3105 et
776 3050 952 3121 inauguratio
971 3050 1001 3104 in
1019 3049 1071 3104 hoc
1091 3054 1192 3104 senatu
1210 3053 1267 3104 stet
1285 3050 1312 3104 ei
1329 3066 1381 3120 pro
1398 3067 1474 3105 ccm-

387 3138 471 3210 pletis
486 3140 575 3210 gradu
591 3143 620 3194 et
638 3140 728 3195 forma

318 3227 488 3284 Conceditur
498 3233 530 3283 15
541 3229 638 3283 Martii
675 3228 747 3283 Cum
757 3232 872 3299 propter
884 3226 1048 3298 gravissima
1057 3225 1178 3297 quadam
1189 3227 1302 3296 negocia
1310 3228 1475 3284 Anthonius

389 3317 466 3371 Maxi
484 3317 593 3387 magnis
611 3315 734 3371 comitiis
751 3316 887 3370 interesse
905 3309 962 3369 non
979 3313 1074 3386 potuit
1092 3313 1122 3367 in
1140 3331 1215 3368 anno
1235 3331 1285 3368 sue
1306 3314 1476 3387 inceptionis

387 3421 476 3474 eaque
500 3403 609 3458 ratione
633 3404 695 3457 eius
718 3403 824 3457 creatio
848 3409 878 3457 et
902 3402 1080 3473 inauguratio
1104 3401 1196 3456 adhuc
1219 3401 1415 3458 desiderantur
1437 3405 1475 3461 ad

388 3491 559 3562 completam
586 3491 707 3546 sormam
736 3495 766 3545 et
794 3494 890 3544 actum
914 3489 1069 3560 magisterii
1093 3489 1121 3542 in
1147 3488 1256 3544 artibus
1280 3489 1372 3561 placet
1395 3491 1476 3548 vobis

387 3584 420 3633 vt
441 3583 537 3633 vestra
557 3577 631 3633 bona
652 3596 717 3634 cum
737 3579 821 3634 venia
841 3580 902 3633 eius
923 3578 1027 3632 creatio
1051 3578 1080 3632 in
1101 3577 1155 3631 hoc
1176 3582 1277 3632 senatu
1298 3583 1356 3634 stet
1376 3580 1402 3634 ei
1424 3598 1477 3652 pro

388 3666 536 3738 completis
553 3667 643 3737 gradu
660 3669 690 3722 et
707 3667 797 3721 forma

318 3755 488 3810 Conceditur
511 3759 543 3809 21
570 3755 667 3809 Martii
711 3754 859 3826 Supplicat
882 3755 984 3808 vestris
1008 3754 1174 3809 reuerentiis
1199 3755 1346 3809 Mattheus
1370 3755 1476 3828 Stolrys

389 3841 565 3912 registrarius
592 3846 622 3896 et
650 3841 742 3897 scriba
766 3841 959 3896 uniuersitatis
984 3840 1045 3911 (qui
1073 3858 1123 3911 per
1146 3839 1258 3896 crebras
1282 3842 1326 3896 sui
1350 3845 1476 3914 corporis

388 3930 568 3986 infirmitates
589 3931 630 3986 illi
652 3932 762 3986 muneri
784 3930 956 4002 adplenum
978 3928 1129 4001 prestando
1150 3948 1216 4002 sepe
1236 3930 1333 3986 deesse
1354 3932 1476 4002 cogitur)

388 4025 419 4073 vt
438 4023 531 4074 vestra
549 4019 623 4074 bona
642 4036 707 4074 cum
725 4020 808 4073 venia
827 4025 856 4073 et
875 4019 1045 4072 auctoritate
1064 4017 1106 4071 illi
1124 4017 1207 4072 liceat
1226 4035 1277 4073 suo
1295 4018 1355 4073 loco
1374 4021 1476 4091 magis-

388 4113 464 4162 trum
482 4108 619 4163 Thomam
633 4108 735 4180 Smyth
750 4126 838 4163 vnum
854 4107 1027 4162 bedellorum
1044 4106 1215 4162 substituere
1231 4107 1319 4162 donec
1336 4107 1478 4166 Dominus

388 4198 414 4252 ei
432 4197 582 4267 pristinam
600 4199 751 4254 sanitatem
770 4199 919 4252 restituere
936 4196 1069 4266 dignetur
