3408 5116
347 340 412 408 310
790 357 904 410 onnon
927 358 1020 410 soon
1043 361 1065 410 0
1337 337 1504 427 [reu-re

419 533 515 570 eorum
536 519 713 587 presentetur
737 517 767 582 in
791 517 875 588 plene
898 518 1112 588 congregacione
1129 517 1286 587 regentium
1304 520 1333 572 et
1351 533 1435 587 super
1452 517 1506 572 hec

420 609 514 661 vestro
534 604 711 660 concessione
731 604 828 659 literas
849 604 954 660 hebeat
975 605 1112 675 sigillatas
1135 603 1226 675 sigillo
1247 607 1341 658 vestro
1362 605 1504 659 communi

422 693 602 748 Preeeutstue
620 710 670 766 per
687 693 831 749 doctorem
849 693 953 751 Wordc

683 1007 915 1076 Baccheleurei
937 1006 972 1072 in
995 1007 1067 1072 iure
1090 1006 1179 1072 civili

351 1194 520 1252 Conceditur
534 1200 567 1250 14
580 1196 676 1251 Martii
690 1196 765 1252 Edu.
781 1196 935 1268 Grymeton
948 1202 979 1252 vt
991 1195 1117 1252 studium
1132 1201 1148 1250 5
1160 1212 1298 1250 annorum
1311 1195 1341 1248 in
1353 1195 1414 1249 iure
1430 1194 1507 1248 civili

421 1276 488 1339 cum'
498 1284 725 1357 opposicionibus
737 1284 965 1357 responsionibus
977 1290 1007 1340 et
1018 1285 1082 1340 eliis
1094 1285 1233 1339 exercitiis
1245 1301 1295 1355 per
1306 1287 1416 1338 statute
1431 1281 1509 1353 regis

421 1373 565 1444 requisitis
582 1373 703 1430 sufficiet
721 1375 746 1428 ei
764 1373 800 1428 ed
824 1372 987 1428 intrandum
1008 1373 1036 1427 in
1058 1371 1156 1427 eodem
1176 1372 1236 1427 iure
1255 1372 1296 1426 ite
1316 1376 1348 1427 vt
1367 1372 1446 1442 prius
1465 1387 1507 1424 re-

421 1451 558 1530 spondeat
575 1459 606 1515 in
623 1460 724 1516 hobitu
742 1459 936 1516 bocchnleurei

351 1547 457 1604 Eodem
475 1549 565 1618 gretia
581 1549 743 1605 conceditur
761 1554 794 1606 17
808 1549 876 1604 Maii
891 1548 1013 1603 Roberto
1027 1549 1136 1603 Turner
1149 1547 1229 1603 Edm.
1245 1547 1338 1602 Booon
1352 1546 1399 1601 W⁰
1412 1547 1508 1601 Lewes

422 1639 456 1690 28
470 1635 538 1690 Maii
551 1635 599 1689 W⁰
612 1637 706 1692 Revell
719 1643 748 1692 et
763 1640 796 1692 13
807 1635 825 1691 J
828 1637 888 1692 unii
901 1636 999 1692 Barth.
1013 1636 1121 1690 Inrton

721 1972 879 2040 Doctores
902 1972 936 2038 in
959 1973 1030 2037 iure
1052 1972 1141 2037 civili

351 2151 521 2218 Conceditur
537 2166 554 2215 5
568 2160 586 2215 J
590 2159 639 2215 ulii
658 2161 738 2217 11177·ο
756 2160 891 2231 magistro
907 2159 1016 2215 Simoni
1033 2160 1136 2232 Smyth
1153 2167 1185 2216 vt
1199 2160 1327 2216 studium
1340 2163 1355 2216 7
1368 2177 1508 2215 annorum

422 2250 452 2304 in
465 2250 526 2304 iure
538 2249 613 2304 civili
626 2254 776 2320 postquem
789 2249 892 2304 rexerit
903 2249 933 2302 in
946 2247 1056 2305 ortibus
1072 2267 1137 2304 cum
1152 2249 1377 2321 opposicionibue
1394 2265 1508 2319 respon·

421 2336 547 2392 sionibus
562 2337 681 2408 aliisque
697 2338 836 2393 exercitiis
852 2329 902 2409 p'er
917 2337 993 2408 regie
1008 2341 1119 2393 statute
1134 2338 1278 2409 requisitis
1294 2337 1414 2394 sufficiat
1428 2337 1454 2391 ei
1470 2337 1509 2391 od

421 2424 613 2496 incipiendum
626 2425 655 2479 in
668 2425 765 2480 eodem
777 2425 838 2479 iure
882 2425 1064 2481 Preeentstus
1076 2443 1126 2496 per
1137 2424 1280 2480 doctorem
1294 2425 1364 2496 Bing
1376 2424 1473 2480 eodem

351 2512 457 2569 Eodem
469 2512 559 2584 gretia
571 2513 732 2568 conceditur
746 2517 779 2567 13
791 2513 809 2567 J
812 2513 870 2567 unii
883 2514 1018 2584 magistro
1031 2513 1154 2569 Roberto
1166 2513 1289 2585 Conway
1325 2513 1508 2568 Presontatue

421 2619 472 2674 per
482 2601 624 2656 doctorem
637 2600 709 2672 Bing
721 2601 821 2656 vltimo
832 2599 850 2655 J
853 2601 913 2656 unii

351 2689 521 2745 Conceditur
532 2692 550 2744 9
563 2689 631 2743 Maii
646 2689 779 2760 magistro
792 2689 900 2745 Thome
915 2690 1011 2744 Leuso
1025 2695 1056 2744 vt
1067 2690 1195 2745 studium
1210 2695 1243 2746 16
1255 2707 1393 2744 annorum
1406 2689 1434 2742 in
1448 2688 1509 2744 iure

421 2776 498 2832 civili
516 2782 667 2848 postquem
684 2777 788 2832 rexerit
808 2777 837 2832 in
855 2777 965 2833 ortibus
983 2782 1013 2832 et
1030 2783 1048 2834 9
1065 2796 1201 2834 annorum
1221 2781 1344 2849 practico
1362 2778 1392 2833 in
1409 2779 1508 2834 eodem

421 2883 486 2921 oum
500 2883 554 2920 vno
566 2865 743 2937 opposicione
755 2872 785 2922 et
796 2885 852 2922 vno
864 2869 1043 2939 responsione
1054 2869 1175 2924 sufficiat
1187 2869 1213 2924 ei
1226 2869 1262 2923 nd
1274 2867 1465 2939 incipiendum
1478 2869 1507 2923 in

421 2953 518 3010 eodem
531 2954 590 3008 iure
627 2954 808 3010 Preeentetus
820 2972 870 3027 per
881 2955 1024 3011 doctorem
1038 2957 1125 3028 Binge
1139 2957 1264 3012 1310011

702 3273 789 3339 Ordo
812 3277 1010 3341 senioritetie
1032 3277 1166 3360 (morp.)

831 3463 872 3518 Mr
883 3463 908 3518 d.
924 3463 1020 3518 Lewee

884 3553 910 3608 d.
926 3553 1028 3623 Smyth

886 3641 912 3696 d.
927 3641 1049 3713 Conway

692 3936 924 4004 Bocchelourei
946 3938 981 4003 in
1004 3939 1170 4028 theologie

351 4125 521 4183 Conceditur
532 4130 564 4181 21
580 4126 725 4182 Februarii
739 4126 874 4198 magistro
886 4125 934 4182 W⁰
949 4127 1082 4198 Morguns
1099 4133 1131 4186 vt
1147 4129 1275 4185 studium
1292 4133 1307 4186 7
1324 4149 1463 4188 annorum
1478 4133 1510 4189 in

421 4214 560 4284 theologie
572 4219 723 4286 postquem
735 4215 838 4271 rexerit
850 4215 880 4269 in
892 4214 1002 4270 artibus
1014 4232 1078 4270 oum
1088 4217 1314 4288 opposicionibus
1323 4221 1510 4292 responsioni·

421 4300 475 4356 bus
485 4300 660 4357 sermonibus
672 4308 701 4358 et
713 4302 776 4358 eliis
788 4303 928 4357 exercitiis
937 4319 987 4373 per
995 4307 1106 4358 statute
1118 4304 1263 4374 requisitis
1275 4305 1397 4360 sufficiet
1409 4308 1434 4362 ei
1448 4315 1509 4364 tem

421 4390 457 4444 ed
469 4389 666 4460 opponendum
678 4408 764 4461 quom
776 4391 813 4446 ed
825 4390 989 4446 intrandum
1003 4391 1032 4444 in
1045 4409 1124 4446 esora
1138 4390 1276 4462 theologie
