3344 5110
750 371 864 420 seros
886 371 980 420 eoos
1002 371 1025 419 Δ
1306 350 1472 440 [test-48

772 897 1020 981 [retr-1548]

201 1063 220 1120 s·
237 1062 303 1121 20⁸
316 1067 429 1134 Gratie
452 1069 522 1134 siue
543 1067 721 1154 peticiones
735 1089 883 1132 concesse
898 1066 933 1131 in
955 1066 1052 1153 plena
1068 1067 1318 1154 congregatione
1341 1067 1468 1154 Regen-

402 1171 486 1238 tium
503 1181 536 1237 et
551 1194 616 1236 uon
627 1170 857 1259 [Regentium]
869 1193 889 1234 a
901 1171 982 1234 festo
994 1169 1163 1235 Michaelis
1174 1193 1259 1234 anno
1274 1173 1355 1236 1547
1369 1193 1469 1256 vsque

402 1275 444 1342 ad
463 1275 550 1342 idem
574 1277 693 1342 festum
714 1283 854 1342 extunc
875 1275 1020 1361 proxime
1038 1298 1178 1361 sequens
1197 1274 1327 1341 doctore
1348 1277 1470 1342 Parlrer

402 1381 505 1447 electo
520 1401 629 1446 mense
648 1379 817 1446 Februarii
833 1378 1092 1444 vicecancellario
1113 1391 1147 1444 et
1165 1379 1328 1467 magistris
1343 1379 1470 1445 Thoma

402 1485 548 1550 Burman
563 1494 598 1550 et
614 1484 764 1570 Karlhyll
779 1483 1043 1570 procuratoribus

314 1655 398 1712 Mem.
411 1656 486 1728 quod
503 1661 538 1710 24
549 1655 657 1727 Aprilis
668 1671 743 1710 anno
756 1657 825 1709 1⁶48
837 1652 981 1708 decretum
992 1659 1037 1708 cst
1053 1651 1255 1724 perducturam
1274 1653 1378 1712 Perker
1389 1651 1469 1706 Vice-

383 1745 578 1800 cancellarium
599 1749 629 1800 et
653 1744 781 1799 doctores
805 1741 932 1798 Redman
958 1741 1082 1796 Madewe
1102 1745 1132 1796 et
1156 1739 1269 1812 Busbye
1292 1740 1469 1812 presentibus

383 1831 520 1889 ambobus
527 1832 754 1905 procuratoribus
763 1831 905 1902 magistris
915 1831 1004 1902 Porye
1011 1829 1120 1885 Adams
1131 1833 1162 1884 et
1171 1828 1247 1884 Mers
1254 1827 1330 1899 quod
1338 1828 1470 1899 magister

384 1921 442 1976 Dee
456 1921 491 1976 de
505 1921 619 1992 collegio
635 1920 784 1976 Trinitatis
800 1924 866 1974 actu
883 1919 913 1973 in
929 1916 1039 1974 artibus
1055 1917 1194 1988 professor
1209 1915 1320 1972 cederet
1335 1917 1470 1988 magistro

383 2007 535 2080 Nevynson
551 2009 587 2064 de
604 2008 701 2064 eodem
719 2007 833 2078 collegio
851 2005 987 2077 inceptori
1006 2005 1035 2060 in
1053 2003 1163 2059 artibus
1180 2009 1210 2060 et
1228 2004 1335 2058 nullam
1354 2004 1469 2060 omnino

383 2095 537 2152 vindicarat
555 2097 747 2152 senioritstem
764 2095 800 2151 dc
819 2094 866 2150 illo
884 2095 958 2149 infra
976 2093 1189 2148 vniuersitatem

313 2181 388 2238 Item
404 2184 539 2255 magister
554 2183 706 2256 Atkynson
722 2183 758 2238 de
774 2182 871 2238 eodem
888 2181 1001 2252 collegio
1018 2179 1178 2252 disputabit
1196 2197 1294 2236 omnes
1310 2179 1384 2235 vices
1399 2179 1469 2234 dicti

384 2272 512 2344 Magistri
530 2274 589 2329 Dee

314 2359 348 2415 In
367 2361 465 2432 primis
483 2361 644 2417 conceditur
662 2366 693 2415 vt
711 2377 808 2416 omnes
825 2357 914 2430 gretie
931 2357 1053 2412 admisse
1068 2367 1098 2411 et
1114 2372 1242 2411 concesse
1257 2371 1307 2426 per
1322 2354 1468 2410 dominum

384 2447 639 2502 vicermnoellorium
648 2446 775 2502 doctores
788 2445 849 2517 Byll
862 2449 892 2500 et
904 2443 1017 2516 Busbye
1026 2443 1174 2514 magistros
1184 2442 1297 2514 Gylpyn
1307 2447 1337 2496 et
1346 2441 1467 2497 Haddon

382 2536 493 2606 possint
505 2552 668 2590 concurrere
679 2534 709 2589 in
721 2537 844 2605 quotuor
855 2531 1116 2603 congregacionibus
1130 2531 1214 2586 istius
1230 2529 1297 2585 anni
1335 2530 1381 2584 Its
1392 2529 1467 2601 quod

383 2623 486 2693 singuli
498 2622 598 2678 horum
611 2622 736 2693 quinque
748 2619 918 2676 vuanimiter
929 2619 1108 2674 consentiant

314 2710 387 2765 Item
404 2709 566 2765 conceditur
582 2709 707 2765 Gellrido
724 2709 837 2780 Gethyn
851 2712 883 2763 vt
898 2705 1025 2762 studium
1040 2707 1162 2778 quotuor
1177 2724 1314 2762 annorum
1331 2707 1361 2762 iu
1377 2724 1466 2778 grem·

383 2799 487 2854 matics
510 2805 539 2853 et
562 2797 652 2853 literis
675 2796 888 2852 humanioribus
912 2797 942 2851 in
966 2795 1019 2850 hac
1043 2795 1227 2851 uniuersitste
1255 2802 1349 2868 preter
1372 2795 1467 2851 decem

382 2903 520 2940 crinorum
544 2886 707 2941 exercitium
728 2885 804 2956 quod
825 2884 925 2940 habuit
945 2883 1012 2939 alibi
1034 2883 1167 2939 continue
1191 2901 1291 2956 pueros
1314 2883 1467 2939 erudiendo

382 2973 524 3029 sufficiant
535 2975 561 3029 ei
573 2973 609 3028 ed
621 2973 812 3045 incipiendum
823 2973 853 3027 in
865 2973 963 3029 eedem
975 2972 1110 3028 facultate
1137 2971 1184 3026 Ita
1193 2972 1268 3042 quod
1277 2973 1338 3028 eius
1347 2971 1467 3027 eruditio

383 3065 559 3120 examinetur
576 3071 605 3120 et
620 3062 793 3135 approbetur
811 3080 861 3134 per
876 3063 1026 3134 magistros
1043 3062 1144 3118 Stokes
1160 3061 1196 3117 de
1211 3061 1324 3133 collegio
1341 3061 1467 3133 Reginali

384 3151 520 3208 iuniorem
532 3158 562 3208 et
574 3152 740 3224 magistrum
753 3149 881 3223 A5lauds

674 3453 903 3520 Bacchalaurci
927 3454 959 3518 in
983 3453 1110 3518 artibus

313 3627 345 3680 lu
362 3625 460 3696 primis
472 3625 634 3680 conceditur
647 3625 755 3680 Thorne
771 3624 866 3679 Stenis
877 3627 909 3678 vt
925 3623 1021 3678 deoem
1038 3623 1151 3679 termini
1168 3623 1198 3677 iu
1214 3620 1318 3693 quibus
1333 3622 1466 3677 lectiones

380 3714 535 3770 ordinarias
546 3713 657 3769 audiuit
674 3730 724 3785 per
736 3714 869 3768 maiorem
885 3717 996 3784 partem
1010 3712 1040 3767 in
1052 3715 1190 3767 tetecum
1202 3710 1424 3782 oppositionibus
1436 3715 1466 3766 et

381 3801 606 3874 responsionibus
618 3803 761 3872 requisitis
770 3802 911 3857 sufficiant
922 3802 948 3856 ei
960 3800 995 3856 ad
1008 3799 1232 3872 respondendum
1244 3799 1385 3870 questioni
1418 3798 1464 3853 Sic

381 3897 414 3945 vt
429 3892 490 3945 eius
507 3890 628 3946 eruditio
644 3891 814 3962 approbetur
830 3908 880 3961 per
897 3891 1045 3961 magistros
1060 3887 1130 3943 Vale
1145 3894 1175 3943 ot
1192 3886 1342 3958 Robyuson
1358 3887 1465 3943 socium

382 3979 488 4048 collegii
513 3978 619 4033 Christi
637 3982 668 4032 et
685 3977 819 4033 admissio
836 3979 886 4034 fiet
904 3996 955 4050 pro
973 3976 1111 4048 completo
1135 3975 1223 4047 gradu
1240 3980 1271 4029 et
1287 3976 1378 4031 formo
1398 3976 1466 4046 quia

381 4065 442 4119 sinc
454 4083 505 4119 suo
517 4081 619 4135 magno
629 4064 799 4120 detrimento
811 4065 1075 4120 determinaoionem
1087 4063 1242 4134 proximam
1256 4061 1463 4118 becchalaureo·

381 4170 443 4207 rum
462 4159 607 4223 expectare
625 4169 681 4206 non
702 4157 796 4223 potest
835 4153 873 4207 Et
890 4151 965 4222 quod
983 4156 1041 4206 stet
1059 4152 1088 4206 in
1110 4151 1236 4221 proxima
1253 4149 1465 4221 quadragesima

379 4257 443 4295 curn
456 4240 555 4295 ceteris
566 4239 831 4295 determinatoribus

310 4330 415 4386 Eadem
433 4329 524 4400 grstia
534 4328 569 4384 de
581 4329 665 4384 verbo
677 4329 705 4384 in
718 4329 834 4384 verbum
847 4328 1008 4383 conceditur
1020 4327 1127 4384 'rhome
1140 4327 1206 4382 Heli
1218 4330 1333 4398 excepto
1343 4343 1377 4382 eo
1389 4327 1463 4398 quod

381 4417 457 4473 illius
468 4416 589 4473 eruditio
601 4415 771 4488 approbetur
782 4433 832 4488 per
843 4416 991 4488 magistros
1003 4413 1125 4471 Hsddon
1137 4419 1167 4469 st
1179 4414 1264 4470 Carra
