3376 5108
186 358 350 442 1559-60]
621 375 735 425 esses
759 376 851 425 soon
876 377 897 424 n

512 781 600 845 Ordo
624 783 822 847 senioritstis
846 784 1021 849 eorundem

327 984 454 1055 Derynge
695 987 850 1058 Symondes
1028 989 1128 1043 Foster

327 1073 423 1126 Collen
695 1076 794 1129 Onrtsr
1032 1078 1139 1148 Lengnr

328 1161 474 1232 Withipoll
697 1164 832 1218 Olarkson
1029 1167 1048 1220 J
1050 1185 1072 1220 o.
1087 1166 1214 1220 Johnson

329 1246 477 1301 Stockdnie
699 1251 801 1304 Holme
1030 1251 1048 1305 J
1050 1268 1073 1305 o.
1088 1251 1180 1306 Oooke
1193 1251 1283 1321 (Reg.)

331 1335 465 1389 Robertes
699 1338 759 1392 Bell
1032 1339 1176 1394 Ouetiston

330 1424 424 1478 Goede
699 1425 805 1480 Nelson
904 1455 907 1462 ⁴
1032 1427 1205 1498 Wylkynson

331 1513 457 1567 Hate'her
700 1515 787 1586 Berye
1032 1515 1170 1586 Velenger

330 1599 400 1655 Geli.
415 1599 542 1654 Johnson
698 1600 837 1657 Andrewe
1031 1603 1108 1672 Ager
1120 1601 1293 1674 [Hsygerth]

331 1684 427 1740 Bonde
699 1687 767 1742 Alat
1033 1689 1229 1760 Brydgewnter

331 1774 425 1828 Power
700 1775 853 1832 Riehnrdes
1035 1778 1187 1833 Matthewe

333 1860 433 1916 Powell
700 1865 819 1936 Smythe'
1033 1867 1145 1920 Ashton

332 1947 450 2018 Dekyns
701 1950 824 2004 Peoocke
1034 1951 1188 2006 Ohembers

332 2033 400 2090 Rob.
416 2035 516 2106 Kynge
701 2037 809 2092 Burrell
1034 2038 1121 2093 Hales

332 2121 437 2193 Coplsy
701 2127 805 2181 Dowke
1034 2127 1125 2182 Beoke

333 2211 391 2265 Rie
407 2211 507 2283 Kyngs
703 2213 828 2268 Heioeke
1036 2216 1145 2270 Norton

332 2300 422 2355 Forde
701 2302 814 2357 (tertam
827 2301 953 2375 [Serton]
1036 2304 1140 2359 Darios

333 2383 359 2436 N
362 2385 432 2439 evell
703 2385 830 2440 Tonstall
1036 2387 1134 2443 Trotte

334 2471 429 2527 Oonus
703 2475 812 2529 Palmer
1035 2475 1053 2528 J
1055 2493 1112 2530 eoo.
1127 2475 1220 2530 Oooke

335 2559 458 2632 Buckley
702 2563 789 2616 Alder
1035 2563 1138 2618 Valere

337 2648 442 2701 Rastsll
703 2649 799 2704 Crofte
1037 2650 1159 2704 Hollend

597 2992 746 3077 Magistri
768 2992 804 3055 in
827 2993 952 3056 artibus

195 3179 365 3235 Conceditur
377 3183 412 3234 24
424 3179 593 3235 Novembris
607 3182 676 3234 1559
688 3179 802 3233 domino
815 3178 951 3250 Bulleyne
964 3185 996 3234 vt
1008 3183 1025 3235 9
1037 3183 1152 3236 termini
1164 3187 1229 3252 post
1241 3182 1353 3238 finalem

266 3268 327 3323 eius
338 3268 603 3324 determinationem
616 3268 645 3322 in
657 3266 762 3338 quibus
774 3267 908 3322 lectiones
921 3267 1076 3323 ordinarias
1092 3269 1203 3324 audiuit
1215 3269 1281 3326 lieet
1297 3289 1353 3325 non

267 3356 382 3410 omnino
393 3355 549 3411 secundum
561 3356 681 3410 formam
693 3355 797 3410 statuti
810 3372 875 3409 oum
887 3356 1111 3426 oppositionibus
1126 3359 1354 3429 responsionibus

266 3447 296 3498 et
316 3443 380 3498 eliis
399 3443 540 3498 exercitiis
561 3460 611 3514 per
634 3443 710 3513 regie
734 3446 844 3497 statute
868 3444 1012 3515 requisitis
1035 3444 1178 3500 sufficient
1202 3445 1228 3500 ei
1251 3445 1288 3500 ed
1312 3447 1354 3502 in-

267 3529 429 3602 cipiendum
447 3531 478 3585 in
496 3529 606 3585 artibus

196 3617 367 3674 Gonoeditur
385 3621 419 3673 26
437 3617 566 3674 anusrii
585 3617 699 3672 domino
718 3618 844 3674 Gowlton
863 3624 895 3673 vt
913 3621 930 3674 9
948 3618 1062 3674 termini
1081 3625 1146 3690 post
1163 3620 1275 3675 finalem
1294 3621 1354 3676 eius

268 3707 532 3763 determinationem
556 3706 587 3761 in
611 3706 714 3778 quibus
739 3707 872 3762 lectiones
896 3707 1051 3763 ordinaries
1074 3707 1186 3762 audiuit
1208 3709 1275 3764 lieet
1298 3727 1354 3764 non

268 3796 383 3850 omnino
395 3795 549 3851 seeundum
561 3795 681 3850 formem
699 3797 801 3851 statuti
814 3813 879 3850 cum
896 3795 989 3850 tribus
1004 3795 1233 3868 responsionibus
1249 3801 1278 3852 et
1292 3797 1355 3852 aliis

268 3883 408 3938 exercitiis
428 3900 478 3954 per
501 3883 577 3954 regis
600 3886 710 3937 statute
731 3881 875 3952 requisitis
899 3882 1041 3937 sufficient
1060 3882 1087 3936 ei
1107 3881 1142 3936 nd
1164 3881 1355 3953 incipiendum

269 3971 299 4024 in
317 3971 427 4026 artibus

200 4061 306 4116 Eadem
318 4059 408 4131 gretia
419 4058 583 4114 coneeditur
594 4058 692 4113 eodem
703 4057 817 4112 domino
830 4057 967 4112 Shermen

200 4147 306 4203 Eodem
326 4147 417 4218 gretie
434 4145 597 4200 conceditur
620 4150 652 4198 15
674 4145 770 4198 Martii
790 4143 905 4199 domino
924 4143 1043 4198 Renowe
1061 4144 1087 4199 d.
1108 4144 1214 4199 Hiokes
1232 4144 1259 4200 d.
1281 4146 1357 4202 Lens

271 4235 297 4290 d.
318 4234 452 4289 Marshsll
471 4234 497 4289 d.
517 4233 606 4306 Gwyn
625 4232 651 4287 d.
671 4231 768 4287 Todde
787 4232 813 4286 d.
835 4231 936 4302 Smyth
955 4231 982 4287 d.
1003 4231 1083 4286 Hues
1102 4231 1129 4286 d.
1152 4232 1286 4288 Rowlend
1321 4239 1357 4290 29

272 4321 368 4377 Martii
386 4321 412 4377 d.
427 4321 532 4391 Orsgge
548 4320 574 4375 d.
590 4319 680 4390 Legge
695 4318 721 4374 d.
741 4319 833 4389 Longe
848 4317 874 4374 d.
894 4317 1001 4389 Lynley
1012 4316 1038 4372 d.
1058 4317 1182 4388 Brydges
1198 4317 1225 4374 d.
1244 4320 1357 4377 Dowset

270 4410 296 4470 d
312 4410 389 4468 Prise
421 4413 453 4468 17
468 4410 537 4464 Maii
549 4409 576 4468 d.
595 4409 707 4466 Wettes
725 4408 751 4469 d.
772 4407 910 4466 Dethicke
926 4411 956 4465 et
974 4411 1008 4460 28
1027 4407 1106 4466 Junii
1124 4408 1151 4462 d.
1172 4408 1357 4486 Cartewright
