3344 5110
351 331 393 396 20
784 343 896 394 cauca
921 345 1011 392 soon
1036 343 1057 391 Δ
1342 327 1370 410 [1
1380 329 1510 392 543-44

422 517 487 572 para
498 500 672 571 presentium
685 499 709 554 si
722 516 818 554 omnes
831 497 928 553 adesse
940 515 995 552 non
1008 502 1128 569 possunt
1136 503 1204 552 ante
1215 515 1341 554 mensem
1353 496 1510 552 decreuerit

422 605 474 660 pro
496 592 606 643 statuto
624 586 763 642 habeatur
785 587 826 642 sic
843 591 876 642 vt
893 587 973 658 prius
996 603 1089 642 coram
1112 585 1191 641 vobis
1208 586 1319 658 legatur
1343 591 1373 640 et
1395 588 1459 640 tum
1481 585 1510 639 iu

423 670 527 727 librum
539 681 751 743 procuratorum
764 669 936 726 inscribatur

354 761 427 816 Item
446 760 608 816 conceditur
619 764 651 815 vt
666 759 764 815 doctor
781 759 870 814 Harvi
886 759 1012 830 magistri
1026 759 1090 829 (sic)
1105 758 1257 831 Atkynson
1274 758 1381 830 collegii
1398 759 1511 830 Regalis

424 848 643 920 viceprepositus
655 853 684 902 et
696 847 830 917 magister
842 846 945 918 Blythe
956 845 991 900 de
1003 846 1069 901 aula
1082 846 1179 917 Regali
1194 847 1254 901 sint
1270 847 1375 902 iudices
1390 847 1510 918 delegati

424 936 454 990 in
466 953 551 991 cauea
563 933 760 1006 appellationis
769 933 844 987 inter
859 931 1005 988 domiuum
1022 932 1161 988 Thomam
1180 933 1311 1005 Boynton
1327 939 1357 988 et
1372 933 1509 989 Thomam

425 1024 546 1080 Harison
560 1025 601 1079 ita
612 1022 687 1095 quod
694 1021 828 1093 quicquid
844 1021 933 1074 maior
944 1037 1010 1091 pars
1022 1020 1123 1076 horum
1135 1020 1290 1076 decreuerit
1301 1021 1373 1076 citra
1387 1022 1509 1077 natalem

425 1111 539 1166 Domini
551 1111 710 1182 pro1Imum
722 1113 816 1163 vestro
828 1109 955 1162 omnium
967 1108 1081 1163 nomine
1092 1113 1186 1163 ratum
1199 1116 1229 1163 et
1241 1111 1352 1164 firmum
1367 1101 1503 1164 habeatur

355 1199 429 1254 Item
449 1216 611 1254 conoessum
632 1201 676 1252 est
700 1200 732 1251 vt
753 1196 859 1251 nemini
877 1194 1026 1250 custodum
1042 1195 1178 1250 cistarum
1196 1196 1279 1251 liceat
1297 1197 1428 1267 cuiquam
1450 1213 1509 1268 per-

425 1287 539 1342 mittere
562 1291 594 1340 vt
618 1285 740 1340 redimat
762 1284 923 1338 cautionem
943 1300 1024 1337 suam
1049 1282 1265 1356 ira[u]dulenter
1290 1291 1321 1339 vt
1342 1283 1458 1340 eandem
1479 1287 1509 1340 in

425 1372 543 1429 eandem
561 1373 663 1428 cistam
680 1375 736 1427 stas
762 1371 904 1441 imponere
924 1370 986 1439 (sic)

259 1518 279 1577 i.
296 1518 343 1576 9·
357 1525 430 1580 itam
443 1525 606 1579 conceditur
618 1519 725 1575 doctori
738 1519 846 1591 Wygan
860 1523 892 1573 vt
904 1519 994 1589 possit
1006 1535 1099 1588 regere
1111 1522 1140 1572 et
1152 1536 1208 1573 non
1218 1537 1311 1590 regere
1326 1519 1361 1575 ad
1375 1520 1511 1592 placitum

426 1611 467 1666 sic
478 1609 553 1682 quod
565 1608 659 1664 soluat
670 1607 849 1663 vniuersitati
860 1615 906 1660 xx·
919 1606 992 1660 infra
1004 1605 1131 1661 triduum

357 1698 431 1753 Item
447 1696 609 1752 conceditur
620 1699 652 1748 vt
663 1693 795 1749 dominus
811 1691 1054 1748 vicecancellarius
1067 1698 1097 1748 et
1115 1694 1170 1748 duo
1184 1699 1377 1767 procuratores
1390 1693 1512 1750 habeant

427 1782 629 1838 authoritatem
641 1785 764 1836 vestram
777 1779 912 1834 visitandi
931 1779 1062 1834 custodes
1077 1781 1204 1835 omnium
1220 1781 1356 1837 cistarum
1372 1788 1402 1837 et
1420 1782 1513 1838 videre

427 1870 496 1942 quid
514 1871 544 1926 in
562 1869 680 1940 siugulis
698 1869 777 1924 cistis
795 1870 913 1940 pecunie
929 1867 999 1940 quid
1017 1870 1180 1924 cautionum
1198 1875 1451 1942 superennatamm
1468 1873 1513 1927 vel

427 1980 483 2017 non
502 1963 757 2032 superannatamm
776 1958 815 2013 sit
834 1975 890 2028 que
911 1963 1021 2013 statuta
1041 1959 1106 2030 quis
1125 1957 1193 2013 ordo
1213 1976 1245 2013 ac
1260 1960 1360 2015 modus
1375 1964 1405 2014 et
1422 1960 1513 2015 tonna

427 2047 556 2105 tradendi
568 2055 598 2103 et
615 2045 770 2118 accipiendi
787 2046 817 2100 iu
833 2046 950 2117 singulis
966 2046 1046 2100 cistis
1062 2051 1189 2101 servetur
1204 2053 1234 2101 et
1250 2045 1286 2101 de
1301 2047 1432 2103 omnibus
1449 2049 1511 2104 istis

427 2136 506 2192 vobis
518 2136 684 2192 renunciant
695 2140 724 2190 et
737 2140 769 2190 vt
778 2135 884 2189 interea
894 2135 1028 2205 temporis
1040 2151 1095 2188 non
1105 2133 1189 2189 liceat
1201 2134 1365 2192 custodibus
1377 2137 1511 2192 cistamm

427 2225 511 2280 vllam
522 2224 670 2296 pecuniam
683 2224 815 2293 cuiquam
827 2241 860 2278 ex
876 2223 931 2278 illis
946 2222 1025 2278 cistis
1043 2221 1153 2278 tradere
1168 2231 1219 2278 aut
1236 2242 1338 2279 novam
1354 2225 1512 2280 cautionem

425 2313 550 2385 accipere
563 2316 615 2367 aut
629 2329 800 2383 quemquam
816 2313 877 2383 pati
895 2313 1054 2367 cautionem
1070 2326 1151 2366 suam
1173 2329 1305 2368 renovare
1323 2312 1377 2369 sub
1394 2331 1466 2385 pena
1483 2320 1513 2370 et

426 2400 533 2455 mulcta
542 2399 711 2470 imponenda
719 2398 877 2454 exarbitrio
885 2399 1025 2456 dictomm
1036 2400 1253 2456 vicecancellarii
1263 2405 1292 2457 et
1301 2406 1512 2473 procuratorum

426 2486 476 2542 sed
488 2484 559 2541 bene
571 2485 654 2540 liceat
665 2487 823 2541 cautionem
836 2485 950 2541 domino
963 2486 1077 2542 reddere
1089 2489 1208 2560 pecunia
1219 2495 1334 2560 accepta

357 2577 431 2632 Item
455 2574 618 2630 conceditur
641 2581 673 2629 vt
692 2574 790 2629 doctor
808 2573 910 2645 Smyth
925 2575 1169 2632 vicecancellarius
1187 2577 1291 2632 habeat
1310 2578 1512 2635 authoritatem

426 2661 536 2718 locandi
556 2661 690 2732 magistro
708 2662 802 2717 Bacon
821 2665 874 2716 aut
891 2661 940 2717 alii
960 2667 1054 2717 vestro
1073 2664 1187 2719 nomine
1207 2664 1287 2735 aquis
1306 2663 1513 2722 conditionibus

427 2751 574 2806 rectoriam
587 2751 622 2806 de
634 2750 753 2806 Burwell
765 2768 830 2805 cum
847 2751 1029 2822 appropriata
1046 2752 1131 2806 luerit
1149 2753 1189 2806 sic
1206 2757 1301 2808 tamen
1319 2757 1351 2809 vt
1367 2765 1403 2809 ne
1417 2755 1513 2810 minus

427 2838 463 2893 ad
487 2837 682 2893 achademiam
706 2837 772 2893 inde
796 2839 943 2909 proveniat
966 2838 1033 2893 clari
1057 2840 1145 2894 annui
1169 2840 1272 2895 valoris
1290 2857 1377 2912 quam
1396 2841 1514 2912 triginta

427 2925 498 2981 libre
509 2943 677 2997 perannum
695 2930 726 2981 et
736 2926 812 2998 quod
824 2925 853 2980 in
867 2925 1078 2981 condicionibus
1094 2925 1266 2982 ascribendis
1283 2933 1380 2983 vtetur
1397 2929 1512 2984 consilio

427 3015 574 3070 doctorum
592 3014 694 3086 Tayler
712 3014 817 3070 Parker
835 3018 864 3068 et
885 3013 1010 3084 Wendye
1031 3020 1060 3069 et
1079 3014 1206 3084 magistri
1228 3015 1399 3086 Swynborne
1416 3023 1467 3074 aut
1487 3019 1511 3073 si

426 3102 530 3174 aliquis
545 3102 647 3158 horum
667 3102 791 3158 abfuerit
811 3106 844 3157 vt
864 3107 992 3157 assumat
1012 3120 1108 3157 eorum
1129 3103 1189 3158 loco
1206 3103 1278 3158 duos
1298 3104 1368 3160 alios
1388 3105 1513 3176 presides

427 3189 605 3261 collegiomm
622 3195 673 3245 aut
691 3189 818 3245 doctores
837 3193 868 3244 et
883 3188 1032 3244 indenture
1051 3189 1117 3244 inde
1134 3190 1208 3246 sacta
1223 3191 1301 3261 prius
1319 3209 1412 3248 coram
1433 3193 1513 3248 vobis

428 3278 557 3349 legantur
574 3283 603 3332 et
620 3277 721 3333 deinde
738 3277 829 3349 sigillo
846 3278 989 3333 communi
1007 3277 1165 3348 sigillentur

358 3423 433 3479 Item
451 3423 494 3494 iij⁰
511 3421 608 3477 Martii
628 3426 697 3476 1544
715 3437 878 3476 concessum
896 3423 940 3476 est
954 3420 1061 3476 doctori
1078 3421 1193 3493 Harvye
1205 3425 1237 3478 vt
1254 3423 1344 3494 possit
1361 3422 1459 3480 abesse
1475 3424 1513 3480 ab

428 3509 559 3567 omnihus
570 3509 695 3582 exequiis
707 3509 801 3567 missis
812 3515 843 3567 ct
854 3509 1114 3580 congregationibus
1125 3527 1159 3566 ex
1171 3513 1280 3565 statuto
