3344 5110
335 317 376 381 16
770 333 884 382 enses
907 333 1001 383 eoou
1024 332 1046 381 Δ
1328 316 1496 401 [1543-44

403 487 537 544 mittatur
560 494 620 543 tam
640 488 676 543 ed
697 487 895 560 opponendum
916 505 1003 560 quem
1024 487 1189 543 intrandum
1213 488 1249 543 ed
1271 487 1407 559 placitum
1428 489 1497 540 ante

404 576 531 646 proxime
552 575 697 631 commitis

334 663 442 719 Eedem
460 665 552 735 gratie
568 664 605 720 de
623 664 707 719 verbo
725 665 756 720 in
775 663 892 719 verbum
911 663 1074 719 conceditur
1091 664 1225 734 magistro
1243 663 1357 734 Orosley

333 751 408 807 Item
421 753 584 809 comeditur
593 754 727 825 magistro
737 753 844 808 Berker
852 752 991 808 sacellano
1001 751 1123 823 episcopi
1133 751 1316 807 cicestrensis
1325 756 1357 805 vt
1366 750 1493 805 studium

405 857 453 896 sex
465 859 603 897 annorum
620 843 650 896 in
665 841 804 912 theologia
818 845 969 912 postquem
982 840 1119 910 inceperit
1133 827 1163 894 in
1180 839 1290 894 artibus
1307 856 1371 894 cum
1383 837 1494 894 duobus

405 930 580 986 sermonibus
592 948 647 985 vno
664 930 700 984 ed
717 930 822 985 clerum
835 929 923 984 altero
936 929 972 984 ed
985 947 1095 984 crucem
1110 928 1189 984 Pauli
1206 933 1236 982 et
1247 945 1303 982 vna
1315 927 1494 997 responsione

404 1017 448 1072 vel
469 1018 597 1088 pluribus
615 1019 639 1072 si
658 1017 808 1088 exigentur
826 1015 881 1072 sub
902 1034 976 1088 pene
998 1016 1139 1071 cautionis
1164 1014 1247 1070 realis
1271 1015 1309 1069 11⁸
1332 1014 1494 1086 deponendo

404 1105 434 1159 in
453 1105 585 1162 menibus
602 1111 816 1178 procuratorum
837 1111 992 1178 antequam
1013 1105 1185 1160 admittatur
1205 1104 1327 1160 sufficiat
1347 1103 1372 1159 ei
1391 1104 1427 1158 ed
1445 1122 1493 1175 op-

404 1193 565 1264 ponendum
589 1195 619 1251 in
643 1195 783 1266 theologia
806 1203 837 1250 et
861 1195 1027 1250 intrandum
1050 1195 1081 1248 in
1107 1193 1193 1249 libros
1222 1193 1426 1248 sententiarum
1452 1193 1493 1247 sic

405 1281 481 1351 quod
497 1281 667 1338 admittatur
677 1282 713 1337 ed
730 1282 929 1354 opponendum
942 1289 971 1340 et
988 1282 1152 1338 intrandum
1165 1289 1195 1336 et
1207 1282 1295 1337 intret
1307 1281 1343 1336 ad
1357 1281 1493 1354 placitum

404 1369 457 1424 hoc
469 1387 543 1425 enno
555 1374 584 1424 et
597 1387 653 1425 non
665 1373 797 1425 teneatur
808 1370 845 1425 ed
857 1370 1018 1425 ulteriorem
1032 1369 1214 1424 residentiam

335 1455 410 1511 Item
430 1457 592 1513 conceditur
612 1459 746 1528 magistro
767 1458 875 1513 Thome
894 1458 1013 1530 Smytbe
1032 1458 1067 1513 de
1085 1457 1199 1528 collegio
1220 1458 1296 1513 Petri
1314 1462 1347 1512 vt
1365 1456 1493 1512 studium

404 1545 501 1601 decom
524 1564 662 1601 annorum
686 1546 716 1600 in
740 1545 881 1616 theologia
904 1549 1057 1616 postquam
1090 1546 1192 1600 rexerit
1216 1563 1281 1600 cum
1304 1544 1415 1600 duobus
1438 1562 1494 1600 ser-

405 1634 536 1689 monibus
553 1652 609 1689 vno
626 1633 663 1689 ed
680 1634 787 1689 clerum
804 1635 894 1688 altero
911 1633 947 1688 ad
966 1651 1077 1690 crucem
1097 1633 1176 1688 Pauli
1193 1651 1257 1688 cum
1280 1633 1362 1687 vnica
1380 1649 1493 1702 respon-

404 1721 482 1775 sione
494 1723 620 1792 proximo
632 1739 707 1777 anno
717 1720 846 1776 habende
858 1720 912 1776 sub
924 1739 997 1792 pene
1009 1721 1131 1778 russin
1141 1720 1272 1776 manibus
1283 1725 1493 1791 procuratorum

405 1809 534 1879 ponende
549 1813 703 1881 antequem
720 1809 893 1864 admittetur
904 1808 940 1863 ad
953 1808 1121 1864 intrandum
1133 1808 1256 1864 sufficiat
1267 1809 1292 1864 ei
1305 1808 1341 1863 ed
1353 1825 1493 1880 opponen-

404 1896 471 1952 dum
492 1897 521 1952 in
540 1897 680 1968 theologie
697 1900 727 1951 et
744 1896 781 1952 ed
802 1895 968 1952 intrandum
987 1896 1018 1952 in
1040 1895 1127 1951 libros
1149 1896 1353 1951 sententiarum
1372 1901 1401 1950 et
1418 1897 1493 1967 quod

405 1985 496 2056 possit
507 1983 623 2039 admitti
635 1983 672 2039 ed
684 1983 883 2055 opponendum
895 1988 925 2038 et
941 1984 1107 2039 intrandum
1124 1987 1191 2038 ante
1207 1983 1334 2055 proxima
1349 1982 1494 2039 commitis

404 2076 434 2126 et
450 2072 479 2126 in
498 2071 568 2143 ipsis
584 2071 738 2126 commitiis
755 2072 799 2126 vel
814 2071 860 2126 die
877 2073 1007 2142 sequenti
1028 2072 1116 2126 intret
1135 2072 1165 2126 in
1184 2071 1271 2127 libros
1289 2072 1493 2127 sententiarum

404 2163 433 2213 et
453 2157 502 2214 ille
519 2177 575 2214 vna
595 2160 678 2214 lectio
702 2159 826 2214 sufficiet
850 2177 901 2214 nec
925 2165 1058 2214 teneatur
1080 2158 1117 2214 ed
1138 2159 1296 2214 vlteriorem
1314 2159 1495 2214 residentiam

405 2251 471 2319 post
489 2248 550 2302 eius
568 2247 718 2303 introitum

245 2415 265 2476 s.
282 2413 328 2474 Ia
343 2421 416 2475 item
428 2417 591 2475 conceditur
602 2419 742 2474 Gulielmo
759 2419 823 2491 Byll
840 2423 872 2474 vt
888 2419 1015 2474 studium
1032 2425 1141 2491 septem
1157 2437 1295 2474 annorum
1312 2419 1342 2474 in
1358 2420 1497 2491 theologie

411 2512 562 2579 postquem
573 2508 676 2563 rexerit
687 2525 751 2562 cum
761 2507 843 2562 vnice
855 2507 1035 2578 responsione
1047 2514 1115 2562 ente
1123 2508 1227 2562 festum
1237 2507 1365 2563 anabe
1373 2510 1497 2579 proxime

411 2597 539 2651 futurum
552 2595 681 2651 habende
696 2595 749 2650 sub
761 2613 834 2667 pene
845 2596 884 2650 xl·
895 2596 925 2650 in
938 2595 1070 2651 manibus
1080 2600 1294 2668 procuratorum
1305 2596 1496 2666 ponendorum

412 2687 478 2738 onte
501 2683 562 2738 eius
584 2683 784 2738 admissionem
802 2687 915 2738 etcum
933 2682 1043 2738 duobus
1064 2681 1241 2738 sermonibus
1261 2700 1316 2737 rno
1335 2683 1371 2737 ed
1392 2684 1496 2739 clemm

411 2771 500 2826 altero
521 2771 557 2826 ed
578 2788 688 2826 crucem
713 2770 794 2825 Peuli
819 2769 941 2826 sufficiat
962 2770 988 2824 ei
1007 2769 1043 2824 ed
1063 2770 1261 2842 opponendum
1282 2776 1312 2824 et
1335 2770 1497 2826 intrandum

412 2859 441 2913 in
458 2858 545 2913 libros
560 2860 765 2914 sententiarum
782 2857 823 2912 ite
839 2861 871 2913 vt
885 2857 1058 2912 admittetur
1072 2863 1132 2912 tem
1148 2856 1185 2911 ad
1202 2856 1400 2929 opponendum
1411 2876 1497 2929 quem
1529 2867 1536 2884 ·

412 2945 577 3002 intrandum
589 2945 702 3017 quando
714 2945 835 2999 voluerit

343 3036 417 3090 Item
438 3034 600 3089 conceditur
619 3034 754 3104 magistro
774 3033 859 3088 Skott
880 3037 913 3087 vt
933 3031 1061 3087 studium
1082 3049 1131 3086 sex
1149 3049 1288 3087 annorum
1309 3032 1339 3087 iu
1358 3032 1497 3104 theologia

414 3127 563 3194 postquam
582 3122 685 3176 rexerit
708 3139 774 3176 cum
792 3120 902 3176 duobus
920 3119 1095 3176 sermonibus
1112 3138 1167 3174 vno
1185 3119 1221 3174 ad
1238 3120 1342 3176 clerum
1359 3122 1447 3176 altero
1462 3122 1498 3176 ed

414 3228 524 3266 crucem
542 3211 621 3265 Pauli
638 3217 667 3265 et
683 3227 748 3265 cum
761 3228 816 3265 vno
832 3211 1012 3281 responsione
1023 3210 1069 3264 vel
1084 3207 1214 3280 pluribus
1225 3209 1250 3264 si
1262 3209 1409 3280 exigantur
1425 3227 1499 3264 anno

416 3300 544 3371 proximo
571 3299 642 3352 citra
667 3298 772 3352 festum
798 3296 905 3351 Peeche
929 3296 983 3351 sub
1007 3313 1081 3368 pena
1105 3298 1143 3350 xl·
1164 3295 1294 3367 ponende
1317 3298 1347 3351 in
1371 3296 1502 3352 manibus

415 3391 626 3458 procuratorum
645 3391 798 3456 antequem
820 3384 991 3440 admittatur
1012 3385 1134 3440 sufficiat
1154 3385 1180 3440 ei
1198 3385 1235 3440 ed
1252 3384 1450 3456 opponendum
1470 3389 1500 3440 et

415 3473 578 3530 intrandum
595 3475 624 3528 in
640 3473 727 3528 libros
742 3474 947 3528 sententiarum
967 3473 1008 3528 sic
1027 3472 1104 3544 quod
1125 3471 1295 3528 admittetur
1315 3477 1375 3528 tam
1394 3473 1430 3529 ed
1450 3491 1499 3544 op-

416 3562 576 3634 ponendum
589 3578 675 3632 quem
687 3559 851 3616 intrandum
864 3561 936 3616 cItre
947 3561 1091 3615 commitis
1102 3560 1229 3632 proxime

346 3653 420 3706 Item
444 3649 605 3705 conceditur
630 3647 751 3702 Rcberto
775 3647 871 3702 Evens
894 3648 1037 3718 preposito
1063 3647 1171 3718 collegii
1195 3646 1261 3702 diue
1285 3647 1448 3719 Megdelene
1469 3653 1500 3702 vt

416 3739 542 3794 studium
555 3738 651 3793 decem
663 3753 800 3792 annorum
814 3737 844 3790 in
857 3736 996 3808 theologie
1007 3742 1073 3808 post
1084 3736 1145 3790 eius
1156 3736 1305 3791 introitum
1317 3737 1347 3790 in
1364 3737 1409 3792 ius
1420 3737 1502 3792 ciuile

416 3828 506 3883 Omni
523 3844 587 3881 cum
600 3823 710 3881 duobus
726 3823 903 3879 sermonibus
915 3841 970 3879 vno
982 3823 1018 3878 ad
1031 3824 1136 3878 clerum
1148 3824 1236 3879 eltero
1252 3824 1288 3878 ed
1300 3842 1409 3880 crucem
1422 3825 1501 3880 Peuli

415 3923 446 3972 et
457 3935 513 3971 vne
528 3913 707 3986 responsione
722 3917 789 3968 ente
801 3912 906 3968 festum
922 3913 1027 3968 Peeche
1044 3912 1202 3985 proximum
1218 3911 1347 3967 habenda
1362 3912 1416 3967 sub
1430 3930 1502 3984 pene

416 4006 454 4060 xl·
472 4005 502 4059 in
520 4000 651 4058 menibus
668 4005 880 4072 procuratorum
899 3999 1030 4071 ponende
1047 4000 1169 4055 sufficiat
1188 4000 1214 4054 ei
1233 3999 1269 4054 ad
1288 4001 1453 4057 intrandum
1471 4003 1501 4056 in

416 4093 502 4148 libros
519 4090 724 4147 sententiarum
743 4090 784 4144 sic
798 4088 874 4160 quod
890 4088 1062 4145 admittetur
1076 4093 1135 4144 tem
1152 4088 1188 4144 ed
1205 4089 1401 4160 opponendum
1414 4108 1500 4162 quam

418 4180 581 4235 intrandum
601 4177 636 4232 ad
654 4177 791 4248 plecitum
808 4194 865 4231 non
882 4175 1014 4231 obstante
1029 4181 1140 4231 statuto
1152 4180 1181 4231 et
1197 4177 1283 4231 etism
1297 4176 1335 4232 sit
1350 4177 1386 4233 de
1397 4178 1502 4247 gremio

417 4267 579 4324 achademie
591 4265 707 4339 perinde
718 4265 776 4320 acsi
793 4265 912 4320 rexisset
928 4264 958 4320 in
974 4264 1084 4320 artibus
1098 4265 1138 4320 sic
1150 4265 1225 4336 quod
1238 4265 1331 4320 soluat
1342 4264 1503 4320 acbedemie

418 4364 464 4412 n!
