3408 5116
187 381 354 469 1577-78]
625 401 739 450 aaron
762 401 855 450 econ
878 403 901 449 a

185 553 361 610 Williameon
393 556 459 614 cur.
570 557 721 628 Atkyneon
780 558 824 612 J0.
957 557 1059 613 Wellee

186 641 318 714 Pikoring
395 643 453 700 ola
572 645 694 700 Holiand
780 646 837 701 Oia.
957 647 1091 718 Bradwey
1164 646 1209 701 J0.

186 728 305 800 Higgins
392 731 435 787 J0.
572 732 722 805 Robyueon
780 735 824 789 J0.
957 734 1136 806 Shcapheard

114 803 120 816 ⁵
186 817 324 872 Pateneon
393 819 458 876 chr.
570 819 692 875 Goodnle
780 819 838 876 Oia.
957 821 1123 876 Beneworth
1169 821 1235 878 Kat

184 907 298 963 Oullene
393 909 436 964 J0.
570 909 701 981 Whright
710 911 751 982 ju
781 909 838 966 cia.
957 911 1076 984 Bradiey
1167 913 1278 970 ΜΟ.
1355 909 1485 970 tiata

185 994 292 1066 Maplet
394 997 460 1052 Kat.
570 997 750 1068 Whrightee.
780 998 838 1054 Cla.
957 1000 1045 1055 Kirke
1165 1000 1277 1055 G.&O.
1355 1013 1431 1096 [mg
1437 1015 1508 1100 123]

185 1081 272 1137 Floud
394 1084 458 1139 chr.
571 1083 670 1138 Treeee
781 1086 839 1140 clo.
957 1087 1030 1141 Ruet
1165 1087 1198 1144 G.
1212 1087 1235 1141 dt
1247 1087 1278 1142 O.

183 1171 299 1240 Aunger
570 1172 713 1243 Haywood
780 1174 845 1229 chr.
958 1175 1068 1230 Fawoet
1164 1175 1207 1231 J0.
1259 1163 1263 1170 ⁵

184 1257 290 1313 Gulson
304 1183 315 1321 ἓ
567 1259 586 1312 J
587 1261 698 1332 oaeelyn
778 1263 820 1317 Je.
956 1264 1085 1318 Adcocke
1165 1265 1230 1322 cur.

184 1347 305 1402 Pecocke
393 1348 464 1402 Patr.
568 1347 626 1402 Oox
955 1351 1067 1423 Thorpe
1167 1353 1271 1424 Regino

184 1437 290 1508 Lafflyn
393 1437 468 1492 Pem.
570 1354 684 1492 Heron>
780 1395 838 1450 Μ’
955 1439 1133 1495 Saunderson
1166 1441 1278 1498 (idco.

183 1525 320 1598 Bryerton
570 1525 668 1580 Zowch
779 1527 844 1583 Chr.
957 1528 1086 1583 Bulward
1167 1530 1232 1584 Καὶ,

184 1613 320 1684 Bayliffet
392 1615 435 1669 io.
569 1613 669 1668 Clarke
780 1615 844 1669 Ohr.
956 1615 1105 1670 Ridleeden
1165 1616 1208 1674 J0.

183 1703 286 1774 Smyth
569 1702 665 1773 Twyet
781 1746 867 1802 Pemb
956 1703 1057 1758 Hawes
1165 1705 1258 1760 Pomb.

182 1791 299 1862 Dakyns
399 1791 452 1845 Au.
467 1791 522 1846 Tri.
569 1791 647 1846 Dove
869 1790 875 1803 '
955 1791 1035 1846 Sikee
1163 1792 1233 1847 Jeeu

182 1878 348 1948 Bridgemnn
392 1878 449 1932 Cla
568 1880 666 1934 torvae
819 1923 824 1934 .
955 1878 1098 1934 Robinson
1164 1881 1259 1938 Pemb.

181 1966 337 2110 stafforde}
389 2010 425 2064 Jo
569 1900 685 2030 Heard}
778 1923 833 1976 ΤΠ
954 1967 1076 2038 Oroebye
1162 1967 1206 2025 J0.

182 2053 283 2107 Stokee
427 2053 432 2066 '
567 2054 715 2124 Browning
777 2053 808 2108 G.
823 2053 846 2108 u
859 2053 888 2108 (λ
951 2055 1071 2124 Biggcue
1160 2054 1225 2109 (thr.

183 2141 334 2196 Andrewee
394 2142 468 2196 Pam.
569 2143 684 2198 Yaneon
698 2140 830 2214 [Janson]
842 2141 898 2196 Tri.
953 2142 1059 2196 Wiiton
1163 2141 1221 2202 Tri.

184 2231 298 2286 Darnell
392 2231 450 2288 Oia.
569 2232 649 2286 Whit
781 2231 854 2286 Petr.
956 2231 1051 2286 Panell
1166 2233 1231 2290 Kat.

181 2319 320 2372 Dunckon
392 2318 465 2373 Pem.
566 2318 645 2372 Whit
776 2316 840 2374 chr.
1126 2321 1160 2370 85

182 2406 333 2460 Glascccke
392 2406 444 2463 Ka.
566 2407 678 2478 Wright
776 2407 831 2461 Tri.

393 1215 497 1286 Regino

528 2816 748 2881 Practicantee
771 2818 806 2881 in
829 2816 991 2882 medicina

183 3019 353 3076 Conceditur
366 3027 382 3076 5
400 3020 568 3076 Novembris
583 3023 717 3093 magistro
733 3021 854 3078 Roberto
870 3023 961 3078 Pieist
978 3028 1009 3078 vt
1023 3022 1150 3078 studium
1166 3029 1196 3078 et
1212 3026 1336 3095 practica

252 3115 418 3164 turinorum
431 3111 461 3164 in
475 3110 614 3165 medicina
630 3111 750 3165 sufficiat
764 3112 789 3165 ei
806 3111 841 3166 ad
858 3112 1070 3182 practicaudum
1087 3112 1116 3166 in
1134 3112 1230 3168 eadem
1247 3115 1287 3168 sic
1304 3120 1335 3170 vt

254 3200 332 3270 priua
348 3200 523 3254 examinetur
539 3205 569 3254 et
584 3199 756 3270 approbetur
774 3217 824 3272 per
839 3201 967 3255 doctores
985 3201 1097 3272 Lorkyn
1114 3207 1143 3256 et
1159 3202 1287 3258 Barrowe
1305 3208 1335 3258 et

251 3305 301 3358 per
322 3305 410 3343 vnum
430 3305 526 3344 eorum
544 3294 721 3358 presentetur
739 3289 768 3343 in
787 3289 870 3360 plena
887 3289 1101 3360 congregacione
1121 3289 1287 3360 Regentium
1306 3295 1335 3346 et

250 3393 307 3430 non

181 3463 351 3520 Conceditur
363 3469 379 3518 2
393 3465 461 3520 Maii
473 3465 606 3536 magistro
616 3465 688 3520 Heu.
699 3464 816 3537 Wyleha
825 3471 856 3520 vt
863 3465 989 3521 studium
999 3470 1029 3520 et
1036 3468 1161 3539 practica
1171 3471 1187 3526 7
1197 3487 1336 3524 annorum

252 3554 281 3608 in
299 3553 437 3608 medicina
453 3559 603 3626 postquam
618 3555 721 3609 rexerit
736 3555 765 3608 in
782 3554 892 3609 artibus
904 3555 1025 3610 sufficiat
1037 3557 1062 3611 ei
1075 3555 1110 3611 ad
1123 3557 1334 3627 practicandum

252 3643 281 3696 in
294 3642 391 3696 endem
403 3642 537 3698 facultate
548 3643 589 3697 eic
602 3651 633 3696 vt
649 3643 710 3698 eiua
726 3642 847 3697 eruditio
864 3648 893 3697 et
909 3644 1033 3712 cognicio
1050 3645 1128 3714 priua
1140 3647 1335 3700 examinentur

251 3734 281 3784 et
298 3728 489 3800 approbentur
506 3747 556 3800 per
569 3730 696 3784 doctores
714 3731 840 3785 Hatcher
855 3734 885 3784 et
901 3730 1003 3786 Warde
1021 3739 1050 3786 et
1068 3750 1221 3803 perunum
1238 3751 1333 3789 eorum

252 3822 429 3886 presentetur
446 3818 477 3872 in
496 3818 579 3888 plena
597 3820 812 3888 congregacione
832 3819 1000 3890 Rogantium
1019 3825 1049 3875 et
1067 3838 1151 3891 super
1171 3821 1222 3876 hac
1240 3827 1334 3876 vestra

250 3905 409 3975 cognicione
421 3904 517 3959 literae
529 3905 632 3959 hebeat
644 3906 780 3975 sigillatas
792 3905 883 3976 sigillo
896 3910 989 3960 vactro
1001 3908 1142 3962 communi

179 3993 285 4047 Eadem
297 3993 388 4063 gratia
399 3993 561 4048 conceditur
574 3996 607 4047 18
618 3992 637 4047 J
640 3994 698 4048 unii
712 3994 845 4064 magistro
856 3994 873 4048 J
876 4012 900 4048 0.
914 3993 1033 4065 Bradley
1042 3999 1071 4048 et
1084 3999 1112 4051 7⁰
1123 3996 1190 4050 Maii
1200 3999 1333 4067 magistro

252 4081 319 4136 Tho.
334 4082 468 4137 Turewell
480 4100 544 4136 curn
556 4083 652 4137 studio
664 4089 703 4136 4⁰¹
714 4101 851 4138 annorum
900 4084 984 4139 Mem.
998 4083 1072 4155 quod
1085 4085 1211 4154 magistri
1226 4085 1333 4142 Wileha

252 4177 281 4224 et
295 4169 413 4240 Bradley
425 4171 579 4240 presentati
592 4171 707 4226 fuerunt
719 4188 768 4241 per
781 4170 921 4224 doctorem
935 4170 1037 4225 Warde

181 4256 350 4311 Conceditur
366 4261 400 4310 25
416 4255 542 4310 ianuarii
559 4257 698 4312 Willeimo
715 4256 801 4327 (taley
817 4257 874 4310 iam
889 4257 1049 4310 examinato
1065 4260 1095 4310 et
1110 4257 1265 4328 approbato
1284 4277 1334 4330 per

251 4345 378 4400 doctores
399 4345 500 4400 Warde
520 4353 549 4400 et
572 4347 682 4401 Barrow
703 4351 735 4401 vt
756 4345 883 4400 studium
903 4349 933 4399 ct
954 4345 1078 4416 practica
1102 4347 1117 4401 7
1142 4363 1279 4402 annorum
1305 4351 1334 4404 in

250 4433 389 4487 medicina
413 4433 533 4488 sufficiat
556 4435 582 4488 ei
606 4435 641 4488 ad
666 4433 878 4506 practioandum
900 4433 929 4487 in
949 4431 1046 4487 eadem
1066 4434 1106 4488 sic
1125 4439 1157 4488 vt
1176 4453 1226 4505 per
1246 4453 1334 4492 vnum
