3378 5116
191 349 363 438 1557-58]
634 372 748 422 ossen
770 375 861 422 soor
886 376 906 422 e
1295 359 1355 420 125

190 525 370 583 Oonoeditur
388 527 512 584 Johenni
534 530 673 602 Berymsu
692 536 726 585 vt
744 530 874 586 vndecim
893 530 1008 585 termini
1028 547 1092 585 eum
1111 530 1233 585 termino
1252 530 1281 584 in
1301 546 1358 599 quo

268 614 298 668 in
318 614 422 686 quibus
442 616 576 672 lectiones
596 616 752 672 ordinaries
772 617 886 672 eudiuit
905 615 971 672 lieet
992 633 1049 672 non
1070 617 1185 672 omnino
1203 615 1358 672 seeundum

269 702 389 758 formem
406 704 508 760 statuti
525 723 590 760 eum
605 704 829 776 oppositionibus
843 709 873 761 et
887 705 1116 776 responsionibus
1127 704 1271 776 requisitis
1282 704 1358 760 suffi-

269 789 347 844 cient
358 790 384 844 ei
396 789 433 845 ed
445 791 671 862 respondendum
683 791 825 862 questioni

189 876 305 932 Eadem
324 877 415 949 gretie
433 878 468 935 de
485 878 570 934 verbo
590 880 620 934 in
640 878 755 935 verbum
775 879 938 936 conceditur
955 879 1095 936 Willelmo
1114 879 1217 952 Smyth
1234 879 1357 935 Johenni

268 967 381 1040 Lynsey
392 970 422 1022 et
441 967 572 1040 Philippo
590 967 757 1024 Sherwodde
775 973 804 1026 et
823 969 992 1026 Chetteiton
1112 1000 1119 1008 -

190 1056 438 1112 Determinetores
454 1057 562 1128 oollegii
580 1058 691 1129 Regalis
707 1058 761 1113 hee
777 1058 991 1129 quedregesime
1005 1058 1110 1129 quibus
1121 1057 1200 1113 nulle
1211 1062 1256 1113 eet
1267 1059 1358 1130 petite
1369 1049 1391 1110 f.
1408 1051 1476 1108 491)

269 1162 361 1216 neque
376 1163 507 1201 oonoesse
522 1152 566 1202 est
582 1147 674 1217 gretie
689 1151 757 1202 sunt
773 1145 881 1202 domini
896 1146 1053 1203 wendover
1070 1147 1187 1202 Preston
1204 1147 1311 1203 Burton
1328 1151 1358 1203 et

269 1234 381 1289 Smithe

191 1322 346 1394 Supplicet
364 1324 465 1379 vestiis
483 1325 649 1380 reuerentiis
667 1323 825 1380 Willelmus
843 1323 949 1394 Oragge
967 1329 999 1379 vt
1019 1327 1052 1378 12
1071 1323 1186 1378 termini
1207 1323 1236 1379 in
1254 1322 1358 1395 quibus

268 1411 403 1466 lectiones
430 1412 586 1468 ordinaries
612 1412 723 1468 audiuit
749 1413 816 1468 lieet
840 1430 897 1467 non
922 1413 1037 1468 omnino
1061 1410 1215 1467 seeundum
1239 1413 1357 1468 formem

269 1501 372 1555 statuti
390 1519 455 1556 eum
473 1501 697 1572 oppositionibus
715 1507 745 1557 et
762 1499 990 1573 responsionibus
1011 1501 1155 1573 requisitis
1173 1501 1314 1556 sufficient
1331 1501 1358 1556 ei

269 1589 306 1644 ed
332 1590 453 1646 iineliter
476 1590 721 1646 determinandum
748 1609 812 1646 cum
837 1591 938 1646 esteris
962 1590 1158 1662 questionistis
1181 1590 1266 1646 huius
1290 1590 1357 1645 anni

270 1679 318 1734 Sio
345 1683 441 1735 temen
465 1685 498 1735 vt
525 1680 586 1735 eius
610 1680 731 1735 eruditio
755 1680 931 1736 examinetur
954 1685 984 1736 et
1006 1679 1178 1752 approbetur
1200 1696 1251 1751 per
1273 1695 1358 1751 oppo-

269 1767 371 1823 sitores
396 1768 481 1824 huius
505 1767 573 1824 enni
600 1774 629 1824 et
656 1773 714 1824 stet
741 1769 771 1824 in
800 1769 909 1840 relique
932 1767 1147 1840 quedregesime
1169 1784 1234 1823 eum
1258 1767 1358 1823 esteris

169 1895 173 1902 .
270 1857 467 1928 questionistis

258 2211 426 2276 Numerus
448 2209 754 2276 beesheleureorum
778 2210 812 2275 in
835 2209 962 2275 artibus
984 2209 1082 2275 istius
1104 2207 1183 2274 enni
1205 2208 1300 2274 iuste

667 2315 892 2381 senioritetem

191 2487 330 2545 dominus
344 2487 437 2559 [ayne
448 2493 515 2543 ectu
527 2486 744 2544 beocheleureus
756 2494 823 2544 ente
834 2488 910 2544 diem
922 2488 1048 2543 cinerum

345 2600 516 2657 ¹Wendover
757 2603 877 2658 Downes

359 2689 452 2743 Smith
465 2689 536 2760 (ooll.
549 2688 567 2743 J
569 2688 700 2759 ohannis)
755 2689 854 2745 Rudde

359 2777 475 2833 Preston
757 2777 865 2833 Burton
953 2772 970 2787 ⁸

357 2865 460 2937 Jsrvys
758 2865 870 2937 Lynsey

358 2953 525 3010 Chetterton
756 2952 901 3008 Ademson

358 3041 460 3096 Telbot
756 3041 939 3096 Sewuderson

359 3128 471 3185 Resides
758 3129 900 3184 Henmsre

359 3217 491 3272 Ooekroit
756 3216 831 3271 Huit

359 3305 464 3360 Grevet
755 3303 919 3375 Byngheme

359 3393 483 3448 Leeooke
755 3391 893 3463 Berymen

756 3478 883 3535 Redmen

755 3567 849 3711 ξηῖζίὴ
861 3655 984 3729 (regalis)
1056 3657 1161 3730 Crsgge

323 3859 455 3916 dominus
469 3859 566 3932 Meyer
578 3863 643 3914 actu
656 3858 874 3915 beeeheleureus
886 3861 916 3915 in
929 3861 1050 3917 tennino
1062 3862 1167 3918 Pesohe

197 4017 275 4072 Item
292 4017 327 4068 23
342 4013 422 4068 Junii
439 4013 602 4069 conceditur
614 4013 755 4069 Gulielmo
767 4015 859 4070 Grene
872 4020 904 4070 vt
920 4015 1066 4072 duodecim
1083 4017 1196 4073 termini
1212 4018 1357 4090 inquibus

271 4103 404 4158 lectiones
433 4102 589 4158 ordinaries
615 4101 728 4157 eudiuit
753 4103 820 4159 lieet
842 4120 900 4159 non
924 4106 1037 4161 omnino
1060 4106 1214 4162 seeundum
1238 4107 1358 4164 formem

271 4194 373 4249 statuti
390 4211 455 4249 oum
473 4193 697 4266 oppositionibus
714 4197 745 4248 et
761 4193 991 4266 responsionibus
1011 4195 1154 4266 requisitis
1173 4195 1314 4253 sufficient
1331 4198 1358 4253 ei

272 4280 308 4336 ed
325 4282 549 4354 respondendum
561 4281 703 4352 questioni

266 4431 276 4464 ¹
294 4429 376 4482 These
387 4445 478 4483 nemee
489 4447 532 4484 ere
543 4433 646 4483 written
658 4431 686 4482 in
698 4433 748 4483 two
760 4431 881 4483 solumne
894 4430 971 4495 elong
982 4429 1027 4481 the
1038 4431 1139 4486 bottom
1151 4433 1180 4486 oi
1190 4434 1208 4485 i.
1221 4435 1253 4488 49
1262 4449 1286 4485 e.
