3344 5110
196 317 361 401 rste-50]
632 331 745 382 nuncu
767 333 860 381 soor<
883 334 906 381 n
1309 321 1350 384 65

193 489 268 544 Item
288 488 450 544 conceditur
472 487 610 543 Richardc
631 486 775 559 Reynolde
796 491 829 542 vt
851 491 884 542 12
906 486 1021 542 termini
1041 487 1071 542 in
1093 486 1197 558 quibus
1217 484 1474 544 1ω1ἱουεε1271

264 576 419 632 ordinaries
436 575 547 631 audiuit
564 575 630 631 licet
648 593 704 630 non
722 574 837 631 omuino
855 573 1008 630 secundum
1027 576 1147 629 formem
1165 575 1267 630 statuti
1286 593 1351 630 cum

263 662 487 736 oppositionibus
498 668 528 718 et
540 661 767 735 responsionibus
783 661 928 734 requisitis
939 661 1081 717 sufficient
1096 661 1123 717 ei
1134 661 1170 717 nd
1184 662 1351 734 responden·

264 751 332 808 dum
344 752 486 824 questioni

194 841 299 896 Eadem
311 841 403 912 gretie
414 839 449 896 de
460 839 545 896 verbo
559 841 588 895 in
602 838 718 895 verbum
734 838 897 894 conceditur
908 838 1031 896 Gabrieli
1044 838 1190 895 Goodmen
1206 843 1236 894 et
1247 839 1265 893 J
1267 841 1351 895 cenni

264 929 380 985 Boswell

194 1015 268 1070 Item
289 1014 451 1070 conceditur
472 1013 611 1070 Gulielmo
632 1015 810 1087 Stephsnson
832 1020 865 1069 vt
888 1013 1035 1070 duodecim
1056 1013 1170 1070 termini
1195 1013 1225 1068 in
1248 1011 1352 1084 quibus

265 1102 419 1158 ordinarius
431 1101 564 1157 lectiones
580 1101 691 1156 audiuit
707 1119 757 1174 per
772 1100 907 1157 maiorem
924 1105 1034 1173 pertern
1050 1101 1080 1156 in
1093 1105 1230 1156 totorum
1243 1099 1351 1172 opposi-

265 1189 389 1246 tionibus
410 1195 439 1246 et
459 1188 686 1263 responsionibus
706 1189 850 1261 inquisitis
870 1191 1012 1246 sufficient
1028 1189 1055 1245 ei
1072 1189 1108 1245 sd
1127 1189 1351 1261 respondendum

264 1278 405 1351 questioni

195 1367 268 1422 Item
281 1366 443 1422 conceditur
454 1364 472 1421 J
474 1365 558 1422 cenni
571 1366 655 1438 Msys
666 1369 698 1421 vt
712 1369 745 1420 12
762 1365 875 1420 termini
889 1365 918 1420 in
935 1364 1039 1437 quibus
1053 1365 1186 1421 lectiones
1198 1365 1353 1422 ordinaries

264 1454 375 1510 audiuit
398 1454 464 1510 licet
487 1472 543 1510 non
567 1456 681 1511 omnino
705 1455 859 1510 secundum
883 1455 1003 1510 formem
1027 1455 1130 1510 statuti
1154 1472 1219 1510 curn
1243 1455 1352 1528 opposi-

264 1543 389 1599 tionibus
410 1550 439 1599 et
459 1543 686 1616 responsionibus
707 1544 851 1615 requisitis
868 1543 1010 1600 sufficiunt
1027 1543 1053 1599 ei
1071 1542 1108 1599 sd
1126 1543 1352 1616 respondendum

264 1631 404 1702 questioni

194 1718 300 1774 Eadem
320 1719 411 1791 gratis
431 1717 466 1774 ds
487 1717 571 1774 verbo
592 1718 621 1774 in
644 1718 760 1774 verbum
779 1719 942 1774 conceditur
963 1719 1071 1775 Thcme
1088 1720 1177 1776 Burrs
1197 1725 1228 1776 et
1246 1719 1352 1776 Jacobs

266 1807 367 1879 Teyler

195 1897 269 1951 Item
290 1895 451 1952 conceditur
472 1895 595 1952 Rcberto
616 1896 768 1951 Benestsrc
789 1901 821 1952 vt
843 1900 876 1951 12
897 1895 1011 1950 termini
1029 1897 1059 1950 in
1077 1894 1181 1967 quibus
1199 1895 1352 1952 ordinaries

265 1984 397 2039 lectiones
411 1983 523 2040 audiuit
538 2000 589 2056 per
604 1982 738 2038 msicrem
755 1989 864 2054 purtem
881 1983 909 2037 in
927 1987 989 2038 toto
1004 1999 1069 2038 cunr
1086 1982 1309 2054 oppositionibus
1323 1986 1354 2039 et

263 2071 490 2144 responsionibus
502 2071 645 2142 requisitis
657 2071 798 2128 sufficient
810 2071 835 2126 ei
847 2070 884 2126 sd
896 2070 1119 2143 respondendum
1131 2071 1271 2142 questioni

195 2161 270 2216 Item
290 2160 452 2216 conceditur
473 2160 622 2216 Francisco
646 2159 766 2216 Newton
786 2164 819 2214 vt
845 2163 878 2213 12
902 2158 1015 2214 termini
1038 2159 1069 2213 in
1093 2157 1198 2229 quibus
1220 2158 1353 2214 lectiones

264 2248 420 2304 ordinarius
431 2249 542 2305 audiuit
553 2267 604 2320 per
615 2249 749 2304 maiorem
761 2253 870 2320 pnrtsnr
883 2246 1033 2302 cuisulibet
1044 2247 1158 2302 termini
1169 2264 1234 2302 cunr
1243 2247 1352 2318 opposi-

265 2337 390 2393 tionibus
409 2341 439 2393 et
460 2336 686 2410 responsionibus
706 2337 850 2408 requisitis
870 2336 1010 2392 sufficient
1031 2335 1057 2390 ei
1073 2335 1110 2391 nd
1128 2333 1352 2408 respondendum

266 2425 406 2496 questioni

194 2511 301 2568 Eadem
318 2513 409 2584 gretie
426 2513 462 2569 de
477 2512 562 2569 verbo
580 2513 609 2568 in
627 2511 743 2568 verbum
761 2511 923 2567 conceditur
942 2511 1080 2568 Richards
1096 2509 1210 2566 Wslker
1226 2509 1353 2566 Antonio

266 2598 370 2670 Elysou
382 2601 412 2652 et
424 2596 531 2653 Thome
542 2597 561 2653 J
562 2597 646 2653 effers

194 2687 270 2742 Item
287 2685 449 2742 conceditur
468 2684 607 2740 Richards
626 2685 737 2756 Thorpe
755 2688 787 2739 vt
805 2683 901 2738 decem
919 2683 1033 2738 termini
1052 2683 1203 2754 inquibus
1221 2682 1353 2738 lectiones

265 2772 420 2829 ordinaries
437 2771 549 2828 audiuit
566 2771 633 2827 licet
651 2789 707 2826 non
725 2771 840 2826 omnino
857 2769 1010 2826 secundum
1029 2769 1148 2825 formem
1166 2770 1269 2825 statuti
1288 2786 1353 2825 curn

265 2858 489 2934 oppositionibus
509 2866 539 2915 et
560 2858 788 2931 responsionibus
808 2859 953 2930 requisitis
973 2857 1115 2913 sufficient
1132 2857 1157 2913 ei
1178 2857 1214 2914 ed
1233 2858 1354 2913 finaliter·

265 2946 511 3004 determinandum
523 2963 588 3002 curn
605 2947 706 3002 ceteris
718 2946 802 3001 huius
818 2946 885 3000 enni
902 2945 1109 3001 becchelsureis
1144 2946 1191 3001 Its
1204 2945 1280 3016 quod
1292 2946 1353 3002 eius

265 3037 386 3094 eruditio
406 3037 485 3108 prius
508 3036 684 3092 examinetur
707 3039 737 3091 et
760 3035 931 3106 approbetur
954 3053 1004 3106 per
1025 3035 1175 3106 magistros
1199 3034 1300 3106 Tsyler
1322 3041 1353 3091 et

266 3125 409 3182 Bsrnsrde

195 3214 434 3271 Deternrinetores
450 3212 559 3284 collegii
577 3212 688 3284 Regalis
704 3212 757 3267 hoc
773 3229 848 3266 anno
862 3211 970 3267 domini
988 3211 1066 3283 Duye
1083 3211 1174 3266 Beker
1190 3209 1305 3284 Temple
1322 3219 1353 3268 et

267 3303 376 3358 Csrvell
393 3301 498 3373 quibus
516 3318 571 3357 non
590 3304 635 3357 est
651 3299 742 3372 petite
759 3317 850 3371 neque
867 3317 999 3356 concesse
1015 3299 1107 3370 grstia
1118 3304 1169 3355 sut
1180 3299 1353 3372 dispensetio

268 3393 362 3449 Etism
380 3392 512 3449 dominus
530 3392 635 3464 Wbyte
652 3391 687 3447 de
704 3391 801 3447 eodem
820 3409 885 3448 cum
904 3391 948 3447 bis
964 3389 1167 3447 determinsuit
