3376 5108
788 365 902 415 unser
926 365 1018 415 soon
1041 367 1063 414 Δ
1342 349 1506 435 [1556-57

232 829 337 888 tide
510 831 624 898 Gratis
646 829 733 897 varie
756 839 790 896 et
813 829 937 896 nullam
962 831 1097 898 formem
1120 840 1351 899 concernentes

350 1047 386 1101 In
404 1045 504 1118 primis
521 1045 683 1100 conceditur
699 1050 731 1101 vt
749 1063 846 1102 omnes
863 1046 1039 1102 admittendo
1056 1051 1087 1103 et
1103 1047 1279 1104 concedende
1294 1064 1346 1118 per
1360 1046 1507 1102 dominum

421 1133 676 1190 vicecancellarium
690 1131 818 1189 doctores
829 1134 928 1205 Yonge
945 1134 1048 1190 Mense
1064 1139 1093 1189 et
1106 1134 1220 1190 Wallrer
1235 1134 1385 1205 magistros
1396 1133 1467 1188 Yale
1478 1139 1508 1189 et

419 1222 552 1295 Vyncent
569 1221 679 1294 possint
696 1239 858 1277 concurrere
876 1222 906 1276 in
923 1226 1045 1293 quatuor
1060 1221 1323 1294 congregacionibue
1339 1221 1423 1278 istius
1439 1222 1507 1276 anni

421 1311 468 1366 Ita
479 1308 555 1381 quod
566 1308 670 1379 singuli
681 1309 941 1380 prenominatorum
954 1311 1125 1366 vnanimitcr
1137 1310 1315 1366 consentiant

350 1398 425 1454 Item
450 1397 612 1454 conceditur
632 1399 665 1450 vt
688 1397 882 1467 acquietcncia
902 1414 953 1469 pro
974 1397 1007 1452 x¹¹
1029 1398 1195 1470 incipiendis
1215 1417 1233 1454 a
1253 1398 1380 1454 skacario
1400 1397 1507 1452 domini

421 1487 504 1558 Regis
524 1503 575 1558 pro
595 1485 719 1556 exequiis
745 1485 828 1557 Regis
849 1486 967 1542 Hem-ici
987 1488 1101 1559 septimi
1123 1487 1282 1560 sigillentur
1302 1487 1393 1558 sigillo
1414 1489 1507 1542 vestro

419 1591 562 1630 commum

350 1664 424 1719 Item
444 1663 607 1718 conceditur
625 1667 658 1719 vt
676 1661 808 1717 dominus
827 1662 1069 1720 vicecancellarius
1089 1682 1145 1720 vnn
1164 1683 1228 1720 cum
1248 1663 1391 1734 magistris
1412 1662 1507 1734 Swyn·

420 1750 506 1806 bome
540 1749 657 1822 Mapted
688 1754 719 1805 et
748 1750 975 1822 procuratoribus
1013 1753 1123 1824 possint
1164 1752 1284 1808 scrutari
1322 1755 1507 1807 monumenta

419 1837 613 1893 vniuersitatis
630 1837 660 1891 in
678 1836 757 1892 cistis
775 1838 898 1908 reposita
915 1837 945 1891 in
964 1838 1156 1894 visitacionem
1175 1840 1233 1894 ism
1250 1839 1377 1894 futuram

349 1927 424 1982 item
442 1923 605 1980 conceditur
620 1927 652 1978 vt
669 1924 797 1995 magistri
814 1924 942 1980 Wendon
958 1931 989 1980 et
1004 1925 1114 1981 Turner
1130 1927 1189 1982 sint
1205 1926 1410 1982 examinatores
1425 1941 1506 1995 ques-

419 2013 600 2069 tionistemm
612 2011 665 2066 hcc
676 2029 751 2066 anno

351 2105 424 2160 Item
442 2103 604 2158 conceditur
616 2107 648 2156 vt
663 2105 773 2157 statuta
790 2101 863 2156 Aule
878 2101 915 2157 de
930 2101 1012 2158 Clare
1027 2102 1138 2174 possint
1153 2103 1238 2157 eximi
1250 2121 1266 2158 e
1278 2103 1351 2158 cista
1363 2101 1506 2158 communi

421 2191 613 2248 uniuersitatis
624 2195 654 2246 et
666 2191 778 2248 restitui
791 2192 862 2246 citra
874 2191 979 2248 festum
992 2191 1098 2246 Pascha
1110 2191 1269 2263 proximum

351 2281 424 2336 Item
442 2279 605 2336 conceditur
622 2283 653 2334 vt
672 2280 812 2336 terminus
830 2279 912 2335 hodie
930 2279 1046 2336 dissolui
1066 2281 1156 2352 possit
1174 2298 1230 2336 non
1249 2280 1380 2336 obstante
1397 2285 1507 2336 statuto

419 2370 460 2426 sic
475 2368 552 2441 quod
567 2369 776 2440 disputaciones
791 2369 906 2424 interim
923 2368 1013 2425 fiende
1029 2375 1166 2442 tanquam
1180 2371 1254 2426 iscte
1267 2374 1435 2426 censeantur
1446 2374 1505 2425 tam

418 2476 475 2530 quo
486 2457 522 2514 ed
535 2459 684 2530 magistros
696 2457 891 2529 disputaturos
903 2475 989 2528 quem
1002 2475 1058 2529 quc
1070 2458 1107 2514 cd
1119 2457 1241 2514 bedellos

348 2548 423 2603 item
439 2545 602 2602 conceditur
616 2551 649 2602 vt
664 2545 879 2602 determinatum
895 2547 949 2604 hoc
964 2565 1040 2603 anno
1055 2548 1166 2619 possint
1181 2547 1348 2620 respondere
1364 2547 1506 2618 questioni

417 2641 482 2708 post
493 2635 599 2691 festum
610 2635 815 2707 purificationis
826 2653 883 2691 non
895 2635 1027 2691 obstante
1039 2639 1149 2691 statuto

348 2726 422 2781 item
442 2722 604 2779 conceditur
620 2726 654 2777 vt
670 2722 829 2779 Willelmus
849 2723 967 2778 Burwell
986 2724 1026 2779 sit
1044 2741 1116 2778 vnus
1136 2741 1170 2779 ex
1188 2722 1428 2796 epprecistoribus
1445 2724 1507 2778 siue

417 2811 593 2868 stccioneriis
608 2809 769 2866 achademie
785 2815 815 2866 et
830 2827 915 2882 super
928 2809 981 2866 hac
995 2811 1173 2866 conoessione
1184 2815 1279 2867 vestra
1293 2810 1397 2866 habeat
1409 2811 1506 2867 literas

416 2899 553 2971 sigillatas
565 2897 655 2969 sigillo
667 2903 761 2954 vestro
773 2899 916 2954 communi

346 2988 421 3043 item
441 2985 605 3042 conceditur
625 2990 658 3040 vt
679 2986 751 3041 ratio
775 2985 846 3041 cisto
868 2985 1027 3041 communis
1048 2991 1078 3040 et
1098 2987 1218 3042 aliarum
1242 2987 1378 3042 cietur-um
1399 2985 1505 3042 differri

415 3076 506 3147 possit
550 3075 597 3130 Sic
614 3073 690 3145 quod
708 3074 803 3145 perfici
821 3074 911 3146 possit
928 3075 1001 3129 citra
1018 3074 1123 3131 festum
1141 3077 1232 3130 sancti
1251 3074 1364 3130 Andree

346 3165 421 3220 Item
442 3162 604 3219 conceditur
624 3168 656 3218 vt
676 3161 821 3219 lohannes
842 3163 920 3220 llere
941 3162 1067 3219 bodellus
1088 3163 1209 3236 gaudere
1229 3165 1320 3236 possit
1340 3169 1436 3219 vestra
1455 3181 1504 3219 au·

416 3253 554 3309 thoritatc
573 3252 662 3308 officio
681 3252 848 3307 scrutatoris
864 3269 996 3308 vasorum
1015 3252 1076 3308 siue
1094 3255 1139 3323 (vt
1155 3253 1270 3323 vocant)
1287 3252 1459 3324 gaugiatorie
1476 3259 1506 3308 et

416 3361 501 3416 super
519 3343 572 3398 bac
590 3347 684 3398 vestra
703 3342 881 3398 concessione
902 3341 1006 3397 habeat
1027 3341 1124 3398 literas
1144 3341 1282 3412 sigillatae
1300 3341 1392 3413 sigillo
1411 3347 1505 3398 vestm

415 3448 558 3486 commum

346 3522 421 3577 Item
437 3521 599 3577 conceditur
609 3524 642 3575 vt
657 3521 785 3592 magistri
803 3519 974 3592 Swynbome
986 3525 1016 3576 et
1032 3519 1153 3592 Moptyd
1167 3520 1277 3593 possint
1288 3537 1349 3576 esse
1361 3521 1505 3576 auditores

416 3611 487 3666 ciste
498 3609 656 3664 communis
666 3626 732 3664 cum
744 3607 857 3664 doctore
870 3608 968 3681 Harvy
979 3613 1010 3664 et
1021 3608 1155 3679 magistro
1169 3606 1239 3662 Yale

347 3699 422 3754 Item
443 3698 606 3754 conceditur
624 3701 657 3752 vt
677 3697 841 3770 Rodolphus
863 3697 1039 3770 Standysshc
1058 3698 1104 3752 hic
1122 3697 1198 3769 apud
1218 3713 1268 3752 vos
1287 3697 1425 3753 medicine
1444 3715 1506 3769 prc-

417 3787 505 3842 iessor
520 3786 624 3842 habeat
639 3785 736 3842 literas
752 3787 975 3842 conuersecionis
991 3789 1021 3842 et
1036 3785 1139 3857 gradus
1155 3784 1292 3856 sigillatus
1307 3785 1398 3857 sigillo
1413 3791 1506 3840 vestre

416 3892 559 3930 commum

348 3965 423 4020 Item
439 3961 601 4019 conceditur
612 3964 645 4015 vt
658 3961 824 4032 compositio
838 3978 891 4032 pro
902 3960 1037 4016 electione
1050 3963 1264 4030 procuratorum
1277 3957 1444 4014 reformetur
1456 3976 1506 4030 per

418 4051 575 4123 prepositos
589 4048 766 4119 collegiorum
784 4053 813 4104 et
825 4053 883 4103 tres
898 4048 927 4102 in
939 4047 1067 4119 quelibet
1079 4047 1214 4102 facultate
1230 4045 1360 4103 videlicet
1377 4046 1506 4102 doctores

417 4140 515 4209 Yonge
532 4138 630 4210 Harvy
642 4136 756 4192 Wallrer
773 4136 900 4192 Hatcher
911 4141 941 4192 et
954 4136 1024 4191 Yale
1036 4135 1186 4206 magistros
1202 4134 1373 4207 Snynbome
1389 4135 1505 4206 Mepted

418 4227 517 4300 Mytch
539 4227 634 4282 lieven
656 4223 880 4298 Stokcs‘Barley
899 4232 929 4281 et
950 4224 1066 4296 Otwcye
1084 4241 1142 4279 rue
1160 4241 1225 4280 cum
1246 4222 1361 4279 domino
1380 4224 1505 4280 vicecan-

418 4317 530 4372 cellario
550 4318 580 4370 et
601 4311 829 4386 procuratoribus
850 4313 930 4368 iuxta
950 4316 1078 4366 tenorem
1098 4311 1282 4366 iniunctionis
1304 4312 1440 4384 superiori
1460 4311 1507 4366 die

417 4422 511 4462 coram
528 4401 607 4459 vobis
625 4402 696 4458 lecte
