3344 5110
191 382 355 468 isti-48]
626 399 740 450 cason
762 399 853 448 noos
877 401 899 448 Δ
1304 384 1345 448 53

189 551 264 607 Item
287 552 450 607 conceditur
473 553 607 624 magistro
630 553 786 625 Perpoynte
812 556 843 608 vt
866 551 992 607 studium
1017 557 1126 623 septem
1150 569 1290 608 annorum
1314 553 1344 608 in

260 639 399 712 theologia
410 646 561 712 postquam
573 640 676 695 rexerit
688 639 717 694 in
730 640 841 695 ortibus
851 657 916 695 cum
929 639 1039 696 duobus
1050 639 1227 696 sermonibus
1241 659 1295 697 vno
1309 641 1345 697 ad

261 729 366 784 olorum
378 729 466 783 allero
478 728 514 784 ad
527 746 637 787 crucem
648 729 727 785 Pauli
739 735 769 785 et
781 747 845 796 cum
855 729 937 784 vnica
946 729 1124 800 responsione
1133 747 1208 784 anno
1220 729 1346 802 proximo

261 816 390 872 habende
407 817 461 873 sub
481 835 554 889 prena
574 819 714 874 cautionis
732 820 769 874 xl·
787 817 914 890 ponende
934 818 962 873 in
985 817 1116 873 menibus
1133 823 1346 889 procuratorum

259 911 325 959 ante
343 905 404 960 eius
422 905 622 961 admissionem
640 908 762 962 sufficiat
779 907 805 960 ei
823 907 859 961 ad
878 905 1075 978 opponendum
1092 910 1122 960 et
1138 905 1303 961 intrandum
1315 907 1346 962 in

262 993 401 1065 theologia
412 1000 442 1050 et
454 999 511 1051 siet
523 1012 666 1066 opponens
678 1012 766 1067 vsque
777 994 815 1050 sd
826 994 931 1049 festum
944 992 1072 1050 Burnsbe
1084 993 1242 1064 proximum

582 1404 704 1470 Doctor
725 1403 759 1469 in
783 1402 945 1469 medicina
1360 1404 1469 1464 ltro

190 1591 272 1656 Item
295 1591 457 1647 conceditur
488 1590 622 1662 magistro
653 1591 832 1663 Pyclrerynge
857 1597 889 1646 vt
913 1591 1041 1646 studium
1068 1594 1131 1645 octo
1155 1607 1293 1647 sonorum
1317 1593 1347 1647 in

261 1679 401 1734 medicine
416 1682 568 1751 postquam
580 1680 683 1734 rexerit
695 1679 725 1734 ln
739 1678 849 1734 artibus
864 1695 930 1733 cum
946 1677 1056 1734 duabus
1073 1679 1300 1750 responsionibus
1318 1681 1348 1735 in

261 1766 358 1822 eadem
370 1767 492 1822 sufficiat
503 1767 529 1820 ei
541 1764 578 1820 ad
591 1766 782 1838 incipiendum
795 1767 825 1822 in
838 1766 936 1822 eadem
949 1766 1083 1822 facultate

576 2161 698 2228 Doctor
719 2162 752 2226 in
771 2161 848 2247 jure
870 2161 961 2226 ciuili

194 2348 269 2403 Item
280 2347 443 2404 conceditur
459 2349 594 2419 magistro
606 2349 713 2404 Thome
726 2350 822 2420 Davys
834 2353 867 2404 vt
878 2348 1005 2404 studium
1019 2354 1082 2404 octo
1094 2366 1233 2404 annorum
1246 2349 1275 2403 in
1290 2349 1350 2404 iure

264 2436 341 2491 ciuili
365 2442 430 2508 post
453 2437 571 2508 medum
597 2437 845 2493 bacchaleureatus
869 2439 898 2493 in
922 2437 1020 2493 eadem
1047 2443 1209 2510 susceptum
1234 2437 1350 2493 Oxoniis

263 2523 384 2579 sufficiat
402 2526 429 2580 ei
447 2525 483 2581 ad
502 2526 693 2598 incipiendum
712 2527 741 2581 in
760 2526 857 2582 eodem
873 2529 936 2597 jure

194 2611 268 2666 item
282 2612 311 2665 in
324 2610 401 2667 illius
413 2613 533 2682 gratiam
545 2615 707 2669 conceditur
718 2618 751 2669 vt
762 2614 919 2686 disputatio
931 2615 980 2669 illa
992 2615 1022 2669 in
1035 2615 1095 2670 iure
1107 2614 1183 2669 ciuili
1196 2615 1257 2669 siue
1269 2621 1349 2669 octus

263 2698 444 2753 commitialis
461 2700 507 2755 dio
522 2701 624 2755 Martis
641 2702 767 2772 proximo
782 2701 929 2756 habendus
944 2706 974 2755 et
989 2719 1039 2773 per
1056 2701 1199 2756 doctorem
1216 2701 1349 2756 cathedre

264 2786 333 2840 iuris
356 2788 449 2842 ciuilis
472 2806 505 2842 ac
529 2789 599 2844 olios
622 2789 691 2860 legis
715 2791 820 2861 peritos
842 2789 1024 2845 celebrandus
1044 2789 1166 2843 sufficiet
1188 2788 1349 2860 supradicto

264 2875 399 2945 magistro
414 2875 508 2949 stys
521 2877 656 2949 vobisque
667 2882 697 2933 et
709 2883 819 2933 statuto
833 2878 1026 2934 uniuersitatis
1041 2876 1198 2932 satisfaciat
1215 2878 1349 2947 quoniam

264 2970 378 3034 propter
390 2966 550 3034 angustiam
563 2967 699 3037 temporis
715 2984 771 3037 qua
788 2984 863 3021 nunc
878 2966 1017 3038 premitur
1032 2962 1255 3036 disputacionem
1272 2965 1349 3019 illam

263 3049 299 3104 ad
311 3067 397 3121 quam
409 3055 523 3107 tenetur
535 3053 565 3107 in
577 3053 711 3124 vesperiis
723 3053 869 3108 commode
881 3055 1013 3125 perlicere
1025 3069 1082 3107 non
1094 3056 1188 3122 potest

356 3460 472 3527 Grocie
496 3461 582 3526 vario
605 3469 641 3524 ot
663 3459 786 3525 nullam
811 3461 946 3525 sormam
969 3467 1197 3524 concernentes

196 3647 231 3703 In
244 3648 344 3720 primis
356 3647 518 3704 conceditur
530 3653 562 3703 vt
573 3649 708 3719 quonism
721 3647 900 3719 perantiqua
914 3650 1025 3701 statuta
1040 3644 1202 3700 ordinatum
1218 3645 1257 3700 sit
1274 3647 1349 3718 quod

265 3735 411 3806 religiosus
425 3735 522 3790 doctor
538 3735 699 3806 proficiatur
715 3735 746 3789 in
761 3733 892 3788 omnibus
910 3733 968 3787 iere
984 3729 1166 3787 electionibus
1185 3732 1305 3804 publicis
1321 3738 1350 3789 et

266 3826 387 3895 ponetur
402 3821 431 3876 in
447 3821 540 3894 capite
551 3827 584 3878 vt
599 3827 702 3876 vocant
719 3826 815 3876 orator
829 3820 990 3876 achademie
1009 3837 1059 3891 pro
1077 3825 1202 3892 tempore
1219 3820 1350 3894 deinceps

267 3910 343 3966 illius
355 3910 475 3982 religiosi
488 3911 562 3966 vices
573 3911 704 3983 supplent

196 3999 270 4054 item
294 3985 458 4053 conceditur
481 4002 513 4053 vt
537 3999 704 4070 procedetur
727 3997 763 4054 od
787 3998 952 4053 electionem
976 3997 1080 4052 summi
1105 3997 1269 4054 cancellarii
1294 4017 1350 4055 non

266 4085 397 4140 obstante
414 4090 526 4141 statuto
543 4086 591 4141 illo
608 4105 659 4159 pro
677 4085 893 4141 denunciatione
910 4092 1018 4157 septem
1037 4085 1146 4140 dierum

196 4173 270 4229 Item
292 4174 455 4230 conceditur
472 4179 505 4231 vt
529 4175 662 4246 magister
679 4175 788 4230 Askcrn
806 4176 896 4246 possit
920 4175 962 4229 vti
981 4191 1097 4229 munere
1117 4179 1210 4229 vestro
1228 4175 1350 4231 oratorio

266 4257 363 4314 eodem
380 4259 463 4314 modo
475 4264 505 4314 et
521 4260 666 4316 commodo
682 4278 739 4332 quo
755 4261 823 4315 olim
839 4261 937 4315 doctor
954 4261 1041 4315 Delus
1057 4260 1190 4315 vtebstur
1205 4278 1239 4315 oa
1254 4266 1349 4316 temen

265 4347 424 4403 conditione
442 4353 473 4404 vt
489 4348 570 4403 litere
586 4355 615 4403 et
627 4349 662 4404 ob
681 4349 846 4404 achedemiu
861 4355 890 4404 et
907 4349 943 4404 ed
959 4349 1152 4404 achademiam
1168 4350 1272 4420 scripte
1288 4349 1349 4405 dili·

264 4436 427 4506 gentissime
445 4442 646 4492 conserventur
