3378 5116
172 358 340 446 1552-53]
612 377 727 429 aaron
749 377 841 428 soon
866 377 887 427 a
1291 369 1333 430 85

241 532 467 605 oppositionibus
490 535 718 606 responsionibus
744 541 774 592 et
797 536 860 592 aliie
884 536 1024 592 exercitiis
1048 554 1099 608 per
1126 537 1201 607 regia
1224 541 1334 593 statuta

241 619 386 691 requisitis
405 619 548 676 sufficiant
565 621 591 675 ei
609 620 645 675 ad
664 622 890 694 respondendum
908 622 1050 694 questioni

170 707 247 762 Item
259 707 420 762 conceditur
434 707 524 765 eidem
541 711 678 781 superiori
694 711 740 766 die
755 711 879 767 admisso
895 711 931 766 ad
948 710 1174 783 respondendum
1189 713 1332 783 questioni

241 800 274 852 vt
302 797 392 868 possit
416 814 477 852 ease
500 803 567 853 actu
587 798 805 855 bacchalaureun
829 801 934 855 artium
960 801 1001 856 sic
1024 801 1100 872 quod
1127 802 1188 857 eius
1211 800 1332 856 eruditio

240 884 417 940 examinetur
438 888 468 940 et
486 886 659 957 approbetur
677 907 728 960 per
748 889 923 961 appositores
944 889 1030 944 huius
1050 889 1118 945 anni
1165 891 1203 945 Et
1224 895 1281 945 stet
1301 889 1330 944 in

239 974 342 1030 scholia
361 993 425 1030 cum
443 975 506 1030 aliis
523 976 730 1034 bacchalaureis
750 980 779 1033 in
798 978 1013 1050 quadragesima
1031 979 1158 1051 proxima

170 1061 245 1117 Item
269 1063 431 1119 conceditur
451 1065 477 1120 J.
504 1065 644 1122 Holionde
664 1072 696 1122 vt
719 1074 842 1140 quatuor
865 1084 1004 1122 annorum
1028 1067 1155 1122 studium
1180 1066 1331 1138 inquibus

239 1150 371 1207 lectiones
390 1153 546 1208 ordinarias
570 1153 682 1209 audiuit
699 1173 755 1211 vna
773 1173 838 1210 cum
860 1155 1084 1227 oppositionibus
1103 1155 1330 1227 responsionibus

239 1246 269 1292 et
285 1238 347 1294 aliis
363 1241 502 1295 exercitiis
518 1258 568 1312 per
584 1245 694 1298 statuta
710 1244 786 1312 regia
802 1243 946 1315 requisitis
962 1243 1104 1298 sufficiant
1120 1243 1146 1298 ei
1164 1242 1201 1298 ad
1218 1259 1329 1314 respon·

240 1325 362 1382 dandum
380 1327 521 1398 questioni

361 1555 474 1611 Domini
492 1555 604 1612 Wattes
622 1561 652 1612 et
671 1555 837 1630 Vxenbryge
855 1562 922 1613 actu
940 1558 1134 1615 bacchalaurei

535 1644 586 1700 diu
603 1649 671 1700 ante
689 1645 954 1700 detenuinationom

294 1783 445 1839 ¹Fiawater
675 1785 817 1841 Hollcnde
1079 1788 1198 1843 Pachett

308 1870 436 1942 Woorlye
628 1871 654 1926 d.
676 1872 797 1945 Hartloy
809 1873 839 1944 (J
841 1876 878 1943 ο.)
1080 1874 1183 1946 Bullyn

308 1958 412 2030 Stipite
673 1960 793 2033 Hartley
806 1961 881 2032 (Re.)
1077 1962 1177 2017 Foster

306 2046 450 2118 Sbeparde
674 2048 821 2121 Chapman
1077 2048 1214 2122 Abytbell

306 2135 410 2193 Bexter
673 2139 775 2194 Ourtes
1078 2139 1194 2210 Otwaye

268 2223 294 2280 d.
310 2224 404 2280 Laken
675 2225 776 2298 Kynge
1077 2227 1196 2282 Watson

307 2313 426 2368 Raudall
675 2314 860 2386 Longworthe
1077 2314 1228 2370 Armasted

305 2397 432 2454 Johnson
674 2399 746 2454 Bate
1075 2400 1174 2455 Shawe

306 2485 407 2542 Oowell
545 2529 548 2536 .
674 2487 808 2543 Rowland
1076 2488 1238 2561 Phythyon

673 2576 781 2632 Barlrer

671 2663 871 2736 Waddyngton

671 2751 857 2806 Sawndoreou

670 2838 838 2895 Bradehawe

670 2927 777 2999 Malym

388 3329 608 3394 Praeticantes
630 3329 664 3394 in
688 3327 849 3393 medicina
871 3335 905 3391 et
927 3326 1092 3414 chirurgia

159 3501 195 3557 In
208 3501 308 3573 primis
319 3501 480 3557 conceditur
493 3501 632 3557 Richardo
650 3501 718 3556 Hall
730 3504 762 3556 vt
778 3499 904 3556 studium
921 3504 951 3554 et
962 3500 1086 3571 practica
1102 3516 1269 3555 xanncrum
1286 3499 1316 3554 in

231 3589 370 3660 chirurgia
390 3607 446 3644 vna
463 3607 528 3644 cum
545 3589 697 3644 anatomiis
718 3592 748 3643 et
767 3587 960 3643 curationibus
981 3583 1031 3660 per
1051 3587 1126 3659 regia
1145 3591 1255 3642 statuta
1275 3605 1315 3642 re-

229 3677 343 3748 quisitio
355 3676 476 3731 sufficiat
487 3677 513 3731 ei
525 3675 562 3731 ad
577 3674 788 3748 practicandum
805 3675 835 3728 in
851 3672 947 3729 eadem
961 3674 1097 3729 facultate
1108 3673 1148 3728 sic
1164 3674 1239 3745 quod
1255 3674 1316 3728 eius

229 3763 349 3819 eruditio
373 3769 404 3819 et
426 3781 517 3819 mores
541 3765 621 3837 prius
648 3763 844 3818 examinentur
867 3767 897 3817 et
922 3762 1113 3835 approbentur
1135 3779 1185 3834 per
1208 3763 1314 3832 regium

228 3853 410 3925 prelectorem
423 3853 564 3909 doctorem
579 3852 681 3926 Blythe

157 3943 233 3996 Item
251 3940 413 3995 conceditur
430 3940 521 3996 eidem
538 3940 673 4012 superiori
691 3939 738 3994 die
755 3938 878 3995 admisso
896 3940 932 3995 ad
951 3939 1060 4011 praxim
1078 3938 1108 3993 in
1126 3937 1266 4008 chirurgia
1284 3942 1316 3992 vt

227 4028 318 4100 poenit
345 4029 432 4084 etiam
456 4030 486 4084 in
510 4029 649 4085 medicina
673 4029 827 4099 practicam
851 4036 881 4083 et
903 4027 990 4082 huius
1013 4031 1106 4082 vostre
1130 4026 1315 4080 concessionis

226 4115 330 4172 habeat
350 4116 447 4172 literas
467 4118 604 4189 sigillatas
625 4117 715 4188 sigillo
734 4121 828 4171 vestro
852 4116 994 4171 communi
1014 4121 1044 4170 et
1064 4115 1125 4170 eiua
1145 4115 1315 4170 examinatio

226 4211 256 4261 et
273 4204 439 4277 approbatio
456 4205 528 4261 fiant
545 4207 625 4261 iuxta
641 4205 761 4276 gratiam
780 4205 952 4277 superiorem

203 4343 212 4376 ¹
230 4343 316 4394 These
333 4359 425 4393 name·
443 4359 486 4394 are
502 4343 628 4406 arranged
645 4343 673 4393 in
690 4358 740 4393 one
757 4343 863 4393 column
880 4343 959 4405 along
976 4341 1021 4391 the
1038 4341 1139 4393 bottom
1156 4341 1184 4390 oi
1201 4339 1236 4392 io.
1254 4341 1314 4391 aab

152 4426 208 4480 and
227 4426 259 4475 ³4
271 4441 295 4476 a.
