3376 5108
344 396 386 460 68
789 407 903 457 osscn
926 408 1018 456 soor
1041 408 1064 455 Δ
1338 389 1502 474 [1549-50

414 566 576 622 natiuitatis
600 565 715 620 Domini
739 565 899 635 proximum
923 563 978 619 sub
1002 581 1074 635 pena
1098 561 1258 618 amissionis
1285 560 1426 616 caucionis
1452 576 1503 614 sue

416 659 562 724 propterca
579 649 655 721 quod
673 655 740 706 ante
757 651 902 706 commitis
923 668 1011 721 quum
1030 649 1152 705 maxime
1169 648 1238 704 velit
1259 646 1425 719 respondere
1446 664 1502 700 non

416 739 505 810 possit
526 738 659 809 quoniam
681 738 745 794 aliis
768 736 1003 810 respondentibus
1024 753 1121 793 omnes
1141 735 1202 791 dies
1225 733 1410 807 disputabiles
1435 734 1502 789 iam·

414 826 522 882 dudum
541 827 677 897 assignati
696 830 765 881 sunt

345 915 420 969 Item
433 913 597 969 conceditur
606 917 638 968 rt
649 911 793 985 responsio
805 911 960 982 theologica
968 911 1005 968 sd
1017 929 1103 982 quam
1116 915 1229 966 tenetur
1241 911 1374 982 magister
1385 909 1505 980 Maptitt

357 1043 361 1050 .
416 1003 526 1058 racione
549 1001 652 1070 gradus
675 1001 797 1072 srrscspti
823 999 927 1055 differri
952 1000 1043 1071 possit
1067 999 1107 1054 sic
1131 997 1207 1069 quod
1232 999 1281 1052 liat
1304 997 1376 1053 citra
1399 996 1502 1052 festum

415 1090 577 1146 natiuitatis
594 1089 753 1160 proximum
772 1088 833 1142 sinc
850 1087 980 1142 ulteriore
998 1087 1134 1142 dilacione
1152 1086 1206 1141 sub
1224 1103 1296 1157 pens
1317 1086 1366 1141 xla

346 1179 418 1234 llam
428 1177 590 1233 conceditur
600 1179 631 1230 vt
639 1177 782 1247 responsio
795 1175 950 1246 theologica
960 1174 997 1230 sd
1008 1193 1095 1246 quarn
1108 1179 1221 1229 tenetur
1230 1173 1365 1244 magister
1374 1170 1503 1227 Sksmler

415 1267 525 1322 racione
549 1265 651 1336 gradm
674 1265 797 1338 suscepti
821 1263 927 1320 differri
952 1264 1042 1336 possit
1064 1264 1105 1318 sio
1129 1261 1203 1334 quod
1229 1263 1279 1317 liet
1302 1262 1374 1317 citra
1398 1259 1504 1314 Pascha

415 1354 574 1426 proximum
592 1354 653 1409 sine
671 1354 802 1410 ulteriore
819 1354 957 1410 dilacione
974 1353 1029 1410 sub
1047 1370 1120 1424 pena
1137 1351 1187 1406 xls

817 1731 930 1797 Gratis
954 1731 1041 1796 varie

349 1905 382 1958 lu
404 1905 503 1975 primis
520 1903 682 1959 conceditur
702 1909 733 1957 vt
754 1903 886 1959 dominus
905 1901 1137 1974 procsncellerius
1160 1921 1224 1957 cunr
1246 1901 1356 1958 duobus
1376 1919 1504 1974 procurs-

418 1991 528 2047 toribus
540 1992 683 2063 magistris
695 1991 791 2047 Bovell
805 1989 913 2046 Peddar
927 1995 957 2045 et
969 1989 1112 2045 Barnarde
1128 1991 1187 2045 sint
1203 1990 1333 2046 custodes
1349 1988 1506 2045 communis

417 2081 488 2136 ciete
499 2081 579 2135 iuxta
591 2079 710 2135 lorrnum
722 2079 825 2135 statuti
838 2079 905 2150 regii

349 2170 422 2224 Item
441 2167 605 2223 conceditur
623 2174 654 2224 vt
671 2167 804 2223 dominus
822 2167 1053 2240 procancellsrius
1069 2185 1133 2222 oum
1152 2165 1261 2222 duobus
1280 2167 1506 2238 procuratoribus

418 2257 579 2313 doctoribus
605 2257 709 2312 Pariter
731 2257 886 2328 Pyckering
906 2260 936 2311 et
959 2257 1100 2328 preposito
1120 2257 1227 2328 collegii
1252 2257 1362 2328 Regalis
1382 2256 1506 2312 habeant

418 2349 541 2400 vestram
553 2343 754 2399 authoritatem
768 2343 900 2400 audiendi
912 2350 942 2397 et
955 2341 1114 2414 perficiendi
1126 2343 1252 2398 raciones
1266 2343 1337 2398 cista
1349 2344 1506 2400 communis

418 2432 484 2487 anni
498 2431 624 2503 preteriti

348 2521 422 2575 Item
440 2518 604 2574 conceditur
623 2527 654 2573 vt
671 2518 817 2573 lohannes
835 2519 982 2574 Emsnuell
1001 2518 1166 2574 Tremellius
1185 2519 1234 2590 qui
1253 2519 1300 2574 hic
1318 2519 1406 2589 gratis
1429 2519 1504 2590 apud

418 2627 468 2663 vos
480 2609 627 2678 profitetur
638 2607 763 2678 linguam
775 2613 903 2662 muctam
917 2606 1019 2663 habeat
1030 2607 1127 2664 literas
1140 2613 1248 2663 vestras
1260 2608 1505 2664 commendaticias

418 2696 454 2752 de
465 2697 676 2752 conuersatione
689 2715 741 2752 sua
751 2695 963 2769 perscribendas
977 2697 1154 2753 serenissimo
1170 2697 1290 2768 principi
1305 2695 1420 2751 dominc
1438 2697 1505 2768 Regi

419 2791 506 2857 utque
524 2791 673 2857 postquam
692 2786 797 2841 fuerint
813 2786 933 2857 perlecto
949 2793 979 2841 et
995 2787 1148 2858 approbate
1164 2803 1214 2858 per
1227 2786 1375 2842 dominum
1390 2805 1505 2858 procan-

418 2873 560 2928 csllarium
570 2873 698 2928 doctores
709 2871 836 2928 Redmsn
848 2880 878 2929 et
889 2874 992 2929 Parlrer
1000 2874 1157 2946 sigillentur
1164 2873 1254 2945 sigillo
1264 2877 1356 2929 vestro
1363 2876 1505 2931 communi

350 3034 478 3090 Pleaseth
502 3051 558 3105 you
580 3034 645 3089 thet
666 3035 717 3089 Μ’·
735 3035 808 3090 doct.
830 3037 935 3092 Perker
954 3037 1068 3108 Harvye
1086 3043 1116 3092 et
1137 3036 1238 3108 Blythe
1259 3055 1325 3108 mey
1343 3054 1462 3110 exemyn
1483 3039 1507 3094 dt

419 3123 505 3178 aleus
517 3123 553 3195 by
561 3133 608 3195 yo¹
619 3124 780 3196 authorytie
789 3125 957 3197 thexpenses
968 3127 1051 3182 msde
1062 3126 1167 3182 &done
1175 3125 1213 3198 by
1223 3126 1264 3180 Mr
1274 3125 1506 3197 vycechancelour

420 3213 450 3267 in
461 3212 661 3269 thuniuersitie
673 3212 796 3285 busynes
807 3219 838 3270 at
851 3213 966 3270 London
