3408 5116
344 331 408 393 320
786 348 899 396 ceron
922 346 1014 394 soon
1038 347 1060 392 Δ
1336 323 1503 411 [1578-79

344 499 413 554 Tho.
429 500 587 572 Puckering
653 503 703 556 ΒΜ
949 501 1090 556 Ricardus
1102 499 1218 572 Wylson
1327 498 1384 553 Tri.

343 587 386 644 Jo.
400 588 504 659 Smyth
651 589 716 646 Chr.
948 591 966 645 J
968 607 991 644 o.
1006 587 1140 646 Cowurde
1328 585 1384 642 Tri.

343 676 411 731 Tho.
426 677 594 732 Newcomcn
649 678 707 732 Tri.
950 679 1034 734 Leon.
1049 678 1148 733 Shewe
1326 675 1383 730 Tri.

344 761 413 819 Rob.
428 763 528 818 Pechie
649 763 667 818 J
669 782 706 820 es
948 769 1028 824 Geor.
1043 767 1142 823 Cloese
1367 765 1373 776 '

345 851 411 907 Leu
427 853 503 924 Kyte
649 854 715 910 Chr.
949 856 1027 911 Alex„
1042 855 1190 910 Anderson

345 940 402 994 Ric.
417 940 525 1012 Comyn
676 952 702 979 ¹¹⁸
948 943 1015 998 Tho.
1031 942 1166 1013 Huggens

343 1028 386 1084 Jo.
400 1030 536 1101 Chomley
691 1033 706 1087 '.
949 1031 1007 1086 Βία
1023 1031 1100 1085 Mete

343 1117 386 1172 W.
402 1118 538 1173 Bernwell
650 1119 708 1178 Jes.
948 1119 1028 1175 Geor.
1042 1118 1180 1174 Risheton

346 1207 404 1263 Ric.
419 1207 494 1262 Lene
693 1207 709 1264 ¹.
949 1205 992 1260 W.
1007 1205 1117 1277 Herrys

344 1293 388 1347 Jo.
401 1293 503 1364 Smyth
710 1338 716 1350 .
910 1345 914 1352 ,
949 1292 1017 1347 Tho.
1031 1294 1134 1348 Dunne

345 1377 413 1434 Tho.
426 1378 523 1435 Cleere
692 1382 697 1393 '
949 1381 1007 1438 Ric.
1021 1381 1160 1437 Wrsthell

345 1465 414 1520 Tho.
428 1465 544 1521 Francis
948 1468 991 1524 W.
1005 1467 1139 1540 Lyndsell

345 1554 388 1611 W.
402 1555 516 1628 Cewsey
949 1556 1030 1612 Lsur.
1044 1555 1171 1612 Seriesen

344 1643 361 1697 J
364 1660 389 1696 o.
406 1642 551 1716 Hmryson
687 1688 693 1701 .
947 1643 990 1699 W.
1004 1645 1097 1700 Creon

344 1731 387 1786 W.
402 1731 473 1785 Bate
739 1771 745 1785 .
948 1732 1116 1805 Redulphus
1127 1733 1234 1789 Graves

347 1817 414 1872 Rob.
428 1818 561 1873 Widoson
725 1861 732 1874 .
807 1861 814 1876 .
949 1823 1021 1878 Heu.
1036 1821 1139 1893 Lessey

345 1908 442 1963 Franc.
455 1907 473 1961 J
475 1923 561 1978 speon
709 1951 715 1965 .
948 1909 1018 1968 Rob.
1032 1909 1213 1981 Ottringhem

334 1994 421 2066 Edu.
435 1994 543 2065 Sharpe
652 1993 708 2049 Tri.
1197 2001 1247 2052 106

344 2082 425 2138 Edm.
439 2081 542 2158 [Edu]
555 2083 647 2139 Beker
660 2083 692 2138 G.
707 2083 730 2140 dc
742 2085 773 2140 C.

201 2290 222 2353 f.
240 2291 296 2351 127
312 2291 515 2356 bConceditur
539 2305 572 2356 16
596 2301 759 2357 Decembris
780 2302 914 2373 magistro
937 2301 1057 2357 Ricardo
1078 2302 1159 2357 Wills
1183 2301 1289 2357 ortium
1312 2303 1448 2372 magistro
1471 2301 1501 2356 in

414 2387 565 2445 academiis
594 2390 746 2446 Oxcniensi
777 2391 987 2462 Moguntinensi
1017 2397 1047 2446 et
1078 2392 1235 2447 Perusiensi
1263 2397 1296 2446 vt
1326 2392 1364 2446 sit
1394 2391 1441 2446 hic
1471 2390 1501 2445 in

415 2479 530 2536 eiisdem
546 2479 635 2553 gredu
650 2481 710 2535 loco
724 2491 753 2536 et
771 2499 846 2536 enno
862 2480 937 2551 apud
952 2499 1002 2536 ros
1016 2480 1120 2552 quibus
1136 2481 1192 2536 fuit
1208 2481 1237 2534 in
1250 2480 1335 2536 dictis
1351 2479 1502 2535 academiis

345 2568 514 2624 Conceditur
531 2571 548 2623 8
564 2568 634 2623 Julii
651 2575 683 2623 vt
699 2570 834 2639 magister
850 2568 919 2623 Tho.
937 2569 1042 2640 Bysset
1059 2569 1089 2623 in
1106 2569 1249 2624 ecedemie
1265 2567 1453 2624 Abirdonensi
1472 2567 1501 2622 in

415 2656 525 2711 ortibus
541 2657 676 2727 magister
693 2657 732 2711 sit
749 2656 795 2711 hio
812 2655 888 2728 apud
906 2673 957 2710 vos
975 2657 1005 2711 in
1023 2655 1139 2711 eiisdem
1158 2655 1247 2726 grsdu
1265 2655 1362 2711 ordine
1379 2661 1409 2711 et
1426 2673 1501 2710 euno

415 2741 519 2814 quibus
536 2743 591 2798 fuit
608 2743 638 2797 in
656 2741 732 2797 dicte
749 2742 894 2797 academie
912 2741 1100 2797 Abirdonensi

344 2829 513 2886 Conceditur
528 2829 625 2885 eodem
641 2834 673 2885 vt
692 2831 818 2901 magistri
835 2829 965 2886 Clemens
982 2830 1092 2884 Colmer
1108 2829 1151 2884 Jo.
1166 2828 1263 2900 Lylley
1276 2829 1343 2884 Tho.
1363 2829 1456 2900 Drope
1471 2834 1501 2886 et

415 2919 551 2974 Ricardus
570 2919 666 2989 Lewys
682 2919 712 2974 in
728 2919 871 2975 academie
888 2919 1040 2975 Oxoniensi
1056 2919 1087 2973 in
1104 2917 1214 2973 artibus
1232 2919 1360 2989 magistri
1377 2919 1437 2974 sint
1454 2919 1500 2974 hic

412 3005 487 3078 epud
506 3024 556 3062 vos
575 3007 604 3061 in
623 3005 739 3061 eiisdcm
757 3006 847 3078 gradu
865 3005 962 3062 ordine
979 3010 1102 3060 stanno
1119 3006 1224 3077 quibus
1242 3007 1357 3061 fuenmt
1377 3006 1407 3061 in
1424 3005 1501 3062 dicte

412 3093 554 3152 academia
573 3092 722 3149 Oxoniensi

342 3181 511 3237 Conceditur
531 3179 627 3236 eodem
647 3187 679 3234 vt
703 3180 837 3251 magister
855 3180 949 3235 Chrof.
970 3181 1110 3252 Gregorye
1128 3179 1346 3235 bacchelumeus
1365 3181 1502 3251 theologie

413 3269 452 3325 sit
475 3269 550 3341 apud
573 3287 623 3324 vos
647 3269 746 3324 iisdem
770 3287 845 3324 enno
866 3270 963 3325 ordine
983 3275 1013 3325 et
1035 3269 1123 3340 gredu
1142 3269 1247 3341 quibus
1271 3275 1315 3324 est
1339 3269 1415 3341 apud
1434 3288 1501 3326 suos

414 3356 585 3412 Oxonienses
1256 3365 1260 3374 '
1475 3369 1479 3377 ·

711 3655 897 3722 Precticens
918 3654 954 3719 in
976 3653 1137 3719 medicine

342 3844 512 3900 Conceditur
537 3847 570 3898 10
595 3844 699 3915 Aprilis
723 3845 857 3915 magistro
876 3844 924 3900 W⁰
946 3843 1044 3915 Lekyn
1066 3846 1099 3897 vt
1118 3841 1285 3907 studiumss
1306 3857 1445 3896 annorum
1469 3841 1500 3894 in

413 3931 551 3986 medicina
570 3937 721 4003 postquem
741 3933 843 3988 rexerit
864 3934 893 3987 in
911 3931 1021 3986 artibus
1042 3929 1163 3985 sufficiet
1180 3928 1205 3983 ei
1226 3927 1263 3983 ed
1284 3926 1499 3999 practicendum

413 4021 443 4073 in
460 4019 557 4074 eedem
576 4021 710 4074 facultate
730 4022 769 4074 sic
788 4026 820 4075 vt
840 4021 901 4076 eius
921 4019 1044 4089 cognicio
1064 4017 1142 4089 prius
1158 4016 1336 4071 examinetur
1355 4019 1385 4068 et
1403 4031 1502 4086 appro-

414 4107 496 4162 betur
513 4125 563 4179 per
579 4108 721 4164 doctorem
741 4109 852 4181 Lorkyn
874 4109 981 4180 regium
1002 4107 1031 4161 in
1051 4123 1084 4161 ee
1105 4105 1241 4160 facultate
1265 4105 1449 4175 professorem
1473 4108 1504 4159 et

414 4213 463 4267 per
474 4212 540 4250 eum
555 4200 731 4266 presentetur
742 4195 957 4266 procencellerio
970 4195 1000 4249 in
1014 4194 1097 4265 plene
1109 4192 1323 4263 congregacione
1335 4191 1503 4261 Regeutium

413 4293 443 4337 et
457 4299 541 4354 super
552 4283 604 4337 hec
615 4288 710 4338 vestre
725 4283 901 4338 concessione
917 4283 1014 4338 literas
1031 4281 1134 4336 hebeat
1150 4279 1287 4352 sigillatus
1302 4279 1392 4350 sigillo
1409 4285 1503 4334 vestro

415 4386 557 4426 commum
