3376 5108
206 343 370 426 1560-61]
641 357 754 407 ennon
776 357 869 406 soon
892 359 915 406 Δ

661 1138 907 1224 [iseo-1561]

206 1366 328 1433 Gratiae
351 1369 421 1435 siue
443 1370 619 1456 petitiones
640 1393 789 1436 concesse
804 1371 838 1435 in
859 1371 957 1457 plens
978 1372 1226 1458 congregatione
1247 1393 1359 1459 regen·

294 1474 377 1539 tium
393 1483 428 1540 et
442 1497 506 1540 uon
521 1476 705 1561 regentium
721 1499 742 1541 a
757 1475 854 1542 Festo
872 1477 975 1541 sancti
992 1476 1161 1542 Michaelis
1175 1476 1359 1561 archangeli

293 1599 377 1642 anno
414 1581 499 1644 1560
530 1601 629 1665 vsque
658 1577 745 1644 idem
776 1580 894 1644 festum
930 1587 1010 1645 tunc
1044 1579 1189 1665 proxime
1223 1602 1361 1665 sequens

297 1682 438 1747 Henrico
470 1684 602 1769 Harvey
629 1685 738 1770 legum
770 1683 900 1749 doctore
930 1695 1009 1750 tunc
1039 1685 1297 1750 vicecancellario
1326 1696 1360 1750 et

294 1787 462 1853 Anthonio
486 1788 692 1876 Gyrlyngtou
716 1798 750 1854 et
772 1789 822 1856 Jo.
847 1789 967 1856 Cowell
989 1790 1251 1876 procuratoribus

348 2007 449 2062 Dictus
460 2007 496 2062 H.
506 2008 621 2081 Harvey
630 2010 736 2064 clectus
747 2013 791 2063 est
803 2008 840 2063 ad
852 2009 973 2064 officium
983 2007 1200 2064 vicecancellarii
1214 2007 1361 2063 4Novem-

420 2095 477 2151 bris
495 2114 560 2152 cum
578 2097 614 2152 ad
632 2115 697 2152 eum
713 2097 788 2152 diorn
805 2098 920 2153 functus
936 2101 1011 2153 esset
1026 2115 1059 2153 eo
1075 2097 1165 2152 officio
1182 2096 1256 2151 And.
1275 2095 1363 2151 Perne

420 2201 497 2238 sacre
515 2182 653 2255 theologis
670 2183 810 2256 professor

208 2313 379 2370 Conceditur
397 2320 428 2371 11
450 2315 579 2372 Octobris
597 2321 630 2372 vt
647 2333 745 2372 omnes
762 2317 851 2386 gratie
868 2316 1044 2372 admittenda
1060 2334 1111 2388 per
1127 2316 1274 2371 dominum
1291 2315 1362 2370 vice-

279 2405 474 2460 cancellarium
486 2406 615 2461 doctores
628 2406 715 2461 Perna
728 2407 837 2476 Drurye
846 2410 875 2460 et
887 2406 943 2461 Osr
952 2405 1100 2476 magistros
1110 2405 1193 2476 Mayc
1205 2407 1235 2459 et
1247 2403 1364 2474 Youngo

279 2492 389 2562 possint
406 2509 568 2548 concurrere
587 2491 616 2547 in
631 2497 754 2563 quatuor
772 2491 1032 2564 congregationibus
1047 2491 1132 2546 huius
1147 2491 1215 2546 anni
1231 2490 1272 2546 its
1288 2491 1363 2562 quod

279 2578 382 2650 singuli
399 2597 495 2636 eorum
514 2579 692 2636 consentiant

568 2970 799 3036 Bacchalaurei
823 2972 856 3036 in
880 2971 1006 3036 artibus

211 3169 381 3225 Conceditur
403 3168 502 3225 eodem
521 3167 667 3224 Osmundo
688 3167 785 3239 Davye
804 3171 836 3222 vt
860 3171 892 3221 la
913 3168 1027 3222 termini
1051 3169 1081 3223 in
1103 3167 1209 3239 quibus
1232 3168 1365 3223 lectiones

282 3259 436 3315 ordinarias
453 3258 563 3314 audivit
581 3258 648 3312 licet
665 3274 721 3312 non
740 3258 855 3312 omnino
873 3257 1026 3313 secundum
1042 3257 1161 3312 formam
1179 3258 1283 3313 statuti
1300 3275 1364 3312 cum

282 3345 506 3419 oppositionibus
530 3344 758 3417 responsionibus
781 3351 812 3400 et
835 3345 899 3400 eliis
922 3347 1061 3401 exercitiis
1084 3364 1134 3418 per
1157 3347 1233 3418 regia
1256 3351 1366 3402 statuta

282 3436 426 3507 requisitis
438 3435 580 3490 sufficiant
591 3434 617 3489 ei
630 3435 666 3488 ad
678 3434 903 3506 respondendum
920 3435 1061 3506 questioni
1144 3439 1179 3491 22
1198 3435 1366 3491 Novembris

283 3523 379 3579 eadem
397 3523 489 3594 grstia
505 3523 669 3577 conceditur
685 3521 730 3576 Jo.
749 3522 889 3592 Vaughsn
907 3522 950 3577 W.
970 3522 1068 3578 Butler
1147 3527 1180 3578 13
1205 3523 1366 3579 Decembris

282 3613 380 3668 eadem
391 3612 483 3683 gratia
493 3611 656 3666 conceditur
673 3609 803 3665 Michseli
816 3611 933 3682 Denbye
947 3613 1023 3682 Step.
1037 3612 1155 3668 Warnor
1166 3613 1235 3667 Tho.
1248 3614 1367 3685 Smytbe

284 3701 327 3757 W.
359 3701 436 3755 Lunt
463 3699 506 3754 W.
536 3699 628 3754 Taber
681 3699 781 3753 vltimo
808 3699 937 3754 ianuarii
965 3700 1062 3756 eadem
1089 3702 1180 3772 gratia
1206 3701 1368 3757 conceditur

283 3789 424 3844 Willelmo
439 3788 559 3859 Smytho
572 3787 631 3843 Ric.
645 3787 825 3843 Thornetono
837 3789 905 3844 Tho.
920 3789 1011 3844 Ialrcs
1026 3788 1146 3843 Nicholo
1162 3789 1271 3846 Crabbe
1288 3790 1368 3845 Isaac

284 3876 427 3947 Barrough
452 3875 602 3931 Innceloto
627 3875 770 3946 Dunnyng
794 3876 854 3933 Ric.
880 3876 1019 3932 Howlsnd
1043 3876 1086 3932 W.
1111 3877 1219 3932 Greene
1247 3877 1370 3932 Henrico

285 3963 414 4020 Fletcher
424 3964 442 4018 J
444 3982 468 4019 o.
482 3963 600 4019 Stubbis
612 3963 735 4018 Robertc
747 3963 844 4018 Towor
861 3964 936 4019 Edu.
952 3964 1095 4020 Leuckner
1105 3966 1148 4021 W.
1168 3966 1276 4021 Turner
1287 3966 1368 4022 Edm.

286 4050 393 4107 Holder
416 4051 485 4106 Tho.
512 4049 665 4106 Halibrede
688 4049 732 4106 Jo.
757 4049 886 4107 Skariote
910 4049 979 4107 Tho.
1009 4051 1128 4106 Randall
1152 4052 1194 4107 W.
1221 4052 1370 4124 Hodgeson

284 4139 411 4195 Arthuro
436 4138 539 4194 Purifie
563 4137 632 4194 Rob.
664 4136 820 4209 Lynlorthe
848 4138 891 4193 Jo.
918 4138 1047 4209 Byclrner
1075 4138 1119 4195 Jo.
1148 4139 1264 4212 Gybson
1292 4141 1369 4196 Edu.

286 4225 420 4296 Hausbey
438 4225 589 4280 Vincentio
607 4223 737 4295 Skynner
753 4223 798 4278 Jo.
818 4224 894 4295 Ayer
912 4222 1034 4278 Roberto
1053 4224 1174 4295 Holgste

215 4313 320 4370 Eadem
339 4314 431 4385 gratis
446 4311 609 4368 conceditur
627 4311 724 4366 ecdem
743 4311 866 4366 Roberto
884 4310 1006 4384 Bishope
1024 4329 1089 4367 cum
1109 4317 1142 4367 la
1161 4315 1289 4369 terminis
1306 4332 1371 4370 cum

286 4402 407 4457 termino
425 4400 454 4454 in
473 4416 529 4470 qno

296 4515 323 4558 n
339 4515 379 4560 ιν.
1255 4499 1292 4558 10

1373 1152 1394 1211 ἱ.
1412 1152 1478 1211 oss
