3408 5116
225 357 388 442 1570-80]
654 373 768 421 esaon
790 372 884 420 soon
907 373 929 419 a
1315 357 1379 422 333

223 528 393 585 Conceditur
407 534 439 584 12
453 528 597 584 Februarii
611 527 745 600 magistro
758 529 878 606 Ricenlo
891 528 984 600 Cosyn
997 528 1169 584 Cancellario
1185 527 1291 610 domini
1309 527 1379 597 epis-

269 686 272 692 ,
295 617 356 688 copi
378 617 580 688 wigorniensis
598 621 630 671 vt
650 616 778 671 studium
801 619 817 673 7
838 634 978 671 annorum
999 617 1029 671 in
1051 617 1112 670 iure
1132 615 1208 670 civili
1229 617 1380 686 postquam

295 706 398 762 rexerit
409 706 439 761 in
451 706 561 762 artibus
574 723 639 762 curn
651 723 707 761 vna
719 705 899 778 responsione
910 705 1033 762 sufficiat
1048 705 1074 759 ei
1090 704 1127 760 ad
1142 701 1334 775 incipiendum
1351 703 1380 757 in

294 795 356 850 iure
366 793 443 850 civili

621 1169 741 1234 Doctor
762 1167 797 1233 in
820 1169 985 1254 theologia

227 1357 397 1414 Conceditur
410 1362 443 1412 12
456 1356 600 1412 Februarii
614 1359 748 1429 magistro
761 1358 883 1413 Roberto
896 1359 980 1413 Some
992 1362 1023 1412 vt
1035 1357 1163 1412 studium
1176 1361 1192 1410 5
1204 1373 1343 1410 annorum
1353 1355 1381 1408 in

232 1479 236 1486 ·
275 1446 437 1518 theologia
461 1453 526 1518 post
549 1447 665 1519 gradum
692 1447 941 1503 bacchalaureatus
962 1448 992 1501 in
1013 1446 1110 1501 eadem
1132 1449 1295 1514 susceptum
1317 1461 1381 1498 cum

234 1569 236 1574 ·
297 1533 522 1606 opposicionibus
538 1534 766 1606 responsionibus
783 1532 960 1590 sermonibus
976 1532 1095 1604 aliisque
1114 1537 1158 1587 etc
1174 1532 1297 1587 sufficiat
1308 1532 1334 1586 ci
1346 1532 1382 1586 ad

297 1623 489 1694 incipiendum
501 1624 531 1679 in
544 1641 624 1680 sacra
636 1624 776 1695 theologia

228 1711 311 1768 Mem.
329 1711 405 1782 quod
420 1712 548 1782 prefatus
565 1712 699 1782 magister
716 1713 799 1767 Some
821 1729 877 1766 non
897 1710 1028 1766 interfuit
1048 1709 1170 1764 comitiis
1190 1707 1239 1764 sed
1259 1707 1384 1763 obtinuit

296 1800 535 1872 dispensationem
552 1819 570 1855 a
588 1801 699 1871 reginae
718 1801 865 1856 maiestate
920 1799 1000 1855 Idem
1018 1797 1204 1870 pergratiam
1222 1802 1335 1852 creatus
1353 1797 1381 1851 in

298 1888 400 1946 scholis
411 1888 532 1962 publicis
544 1894 579 1945 28
591 1889 609 1944 J
611 1891 670 1945 unii
684 1907 759 1945 anno
770 1888 878 1945 domini
893 1893 962 1945 lesa
975 1894 1008 1942 vt
1020 1889 1049 1943 in
1063 1907 1095 1943 eo
1107 1903 1182 1942 anno
1194 1891 1274 1958 patet

497 2273 620 2338 Gratiae
641 2295 706 2338 non
728 2281 957 2338 concernentes
979 2274 1114 2338 sormam

228 2460 397 2517 Conceditur
419 2466 452 2518 16
473 2460 635 2518 Decembris
658 2462 791 2533 magistro
813 2461 953 2518 Willelmo
970 2463 1137 2535 Wilkynson
1155 2469 1187 2519 vt
1205 2464 1243 2518 sit
1260 2481 1334 2518 vnus
1351 2481 1384 2516 ex

301 2553 334 2604 12
347 2549 567 2620 predicatoribus
579 2550 632 2604 hoc
644 2550 768 2621 presenti
779 2567 853 2604 anno
868 2568 918 2621 per
932 2549 1103 2606 academiam
1118 2551 1282 2606 emittendis
1298 2552 1338 2605 sic
1354 2557 1385 2605 vt

299 2653 383 2708 super
403 2637 456 2692 hac
477 2641 571 2692 vestra
591 2636 768 2692 concessione
789 2636 885 2692 literas
906 2637 1009 2692 habeat
1030 2637 1166 2708 sigillatas
1183 2637 1273 2708 sigillo
1292 2647 1385 2692 vestro

298 2741 440 2778 communi

229 2811 335 2867 Eadem
352 2813 443 2882 gratia
460 2811 622 2868 conceditur
642 2811 739 2867 eodem
762 2813 896 2884 magistro
913 2813 1037 2868 Henrieo
1055 2813 1134 2869 Goad
1152 2832 1230 2868 sacre
1247 2814 1385 2884 theologie

299 2900 498 2956 bacchalameo
551 2905 587 2957 00
602 2901 731 2956 1011111111
750 2902 830 2958 Geor.
851 2903 904 2957 Les
958 2907 974 2958 6
993 2903 1136 2958 Februarii
1150 2904 1227 2975 Step.
1243 2903 1384 2975 Myddope

300 2991 335 3044 29
351 2989 457 3060 Aprilis
476 2989 608 3046 Christos.
624 2989 740 3061 Wylsen
757 2990 786 3044 in
803 2990 912 3045 artibus
931 2992 1073 3060 magistris
1127 2997 1156 3045 4⁰
1174 2992 1253 3046 Junii
1273 2993 1384 3046 Olivero

300 3077 407 3149 Philips
430 3096 507 3133 sacre
531 3078 669 3149 theologie
692 3077 891 3135 bacchalaureo
962 3086 991 3134 4⁰
1015 3080 1094 3134 Junii
1120 3081 1239 3136 Ricardo
1264 3082 1384 3136 Gerrard

301 3169 335 3220 10
355 3165 435 3221 Junii
458 3166 502 3222 Jo.
529 3167 634 3221 Paman
658 3171 689 3222 et
713 3167 796 3223 110011.
823 3167 977 3222 Charnbcrs
1001 3169 1030 3222 in
1054 3165 1164 3222 artibus
1189 3169 1331 3238 magistris
1355 3175 1385 3224 01

300 3257 334 3308 10
345 3253 425 3309 Junii
444 3253 563 3308 Ricardo
580 3253 668 3308 Jonas
685 3272 762 3309 sacre
781 3254 919 3326 theologie
938 3254 1138 3311 bacchslaureo

229 3340 399 3396 Conceditur
415 3347 447 3396 16
465 3341 627 3396 Decembris
683 3341 776 3408 erum
791 3341 875 3396 breve
889 3347 918 3397 01
934 3348 1112 3398 contractum
1128 3343 1166 3398 sit
1181 3347 1293 3416 tempus
1311 3345 1385 3400 111101

298 3429 467 3501 principium
485 3430 604 3501 proximi
622 3431 737 3485 termmi
753 3434 783 3485 et
799 3432 914 3486 comitia
930 3433 1182 3503 questionistarum
1198 3437 1231 3488 vt
1243 3433 1385 3504 generales

298 3519 424 3591 sophista
439 3537 506 3574 suas
521 3518 729 3591 disputaciones
746 3539 872 3576 exercere
886 3521 996 3592 possint
1010 3521 1127 3593 singulis
1143 3521 1274 3593 profestis
1285 3521 1385 3578 diebus

300 3608 384 3663 huius
401 3607 555 3662 vacationis
571 3608 608 3662 ab
624 3609 693 3663 hora
709 3625 784 3663 none
800 3612 867 3663 ante
884 3608 1038 3664 meridiana
1056 3609 1093 3664 ad
1109 3610 1283 3666 vndecimam
1302 3617 1332 3666 01
1347 3610 1385 3665 ab

301 3696 370 3751 hora
381 3696 472 3768 prima
485 3697 677 3767 pomeridiana
689 3697 725 3752 ad
738 3699 852 3753 tertiam
865 3699 894 3752 in
907 3699 1003 3753 schola
1018 3703 1152 3755 consueta
1168 3700 1209 3755 sic
1225 3700 1300 3771 quod
1312 3702 1385 3755 alter

300 3784 478 3839 collectorum
490 3790 520 3838 et
533 3789 568 3839 20
579 3785 720 3856 generales
735 3786 861 3856 sophista
873 3787 909 3841 ad
923 3786 1072 3842 minimum
1085 3786 1218 3843 intersint

230 3872 397 3927 Conceditur
410 3875 444 3926 29
453 3871 471 3926 J
473 3873 582 3926 unuani
626 3872 699 3928 Cum
710 3874 771 3928 dies
782 3874 818 3929 ad
831 3873 1051 3946 philosophicam
1063 3875 1286 3946 disputacionem
1298 3877 1382 3947 assig-

301 3961 361 4016 nati
379 3979 429 4032 per
445 3967 589 4016 statutum
607 3979 662 4016 non
681 3963 825 4017 sufficiunt
842 3963 996 4034 incepturis
1014 3964 1067 4018 hoc
1084 3981 1158 4018 anno
1177 3965 1206 4018 in
1224 3965 1333 4020 artibus
1351 3972 1383 4021 vt

299 4048 506 4121 disputaciones
519 4050 590 4103 fiant
601 4049 700 4105 diebus
712 4049 829 4106 Veneris
842 4055 871 4106 et
885 4051 1001 4107 Saturni
1017 4051 1048 4108 in
1064 4052 1265 4125 philosophicis
1280 4054 1382 4110 scholis

299 4137 337 4192 ab
348 4137 416 4192 hora
432 4155 506 4191 nona
522 4155 610 4208 vsque
624 4137 659 4192 ad
674 4139 850 4194 vndecimam
869 4141 990 4210 presenti
1007 4140 1095 4195 altero
1110 4147 1288 4212 procuratore
1304 4148 1333 4197 01
1349 4161 1382 4198 ex

300 4225 416 4280 bedellis
435 4242 490 4279 vno
510 4227 559 4296 qui
581 4226 671 4297 pridie
694 4228 795 4282 saltem
816 4229 939 4283 eiusdem
961 4228 1018 4285 diei
1039 4229 1194 4285 ordinarios
1215 4231 1331 4286 lectores
1353 4233 1381 4286 in

299 4312 419 4386 publicis
435 4313 537 4367 scholis
553 4319 717 4384 premoneat
736 4315 830 4370 future
849 4316 1052 4387 disputacionis
1069 4322 1099 4373 01
1114 4319 1138 4373 si
1156 4319 1307 4391 quicquam
1322 4339 1381 4392 pre-

300 4401 450 4456 missorum
462 4401 612 4457 omittatur
622 4403 673 4458 hec
684 4405 775 4474 gratia
787 4404 865 4460 nulla
875 4406 915 4460 011
925 4410 955 4462 01
966 4422 1055 4462 vacua
