3376 5108
172 342 337 428 1556-57]
608 360 721 408 cenos
743 358 837 408 Boon
860 360 883 407 n
1265 341 1326 408 117

229 515 485 571 determinandum
503 533 569 571 cum
585 514 685 570 ceteris
702 513 786 569 huius
802 513 871 569 enni
888 513 1155 570 determineton‘bus
1191 513 1237 569 Sic
1253 514 1328 586 qnod

239 605 299 660 eius
330 604 452 660 eruditio
479 607 510 659 et
540 620 632 659 mores
663 602 743 674 prius
776 603 973 658 examinentur
1002 605 1032 658 et
1061 601 1254 674 approbentur
1279 619 1330 674 per

241 691 414 762 oppositores
436 689 523 746 huius
547 690 614 744 enni
635 697 665 744 et
688 692 746 744 stet
770 689 799 744 in
823 688 927 744 scholis
950 705 1016 744 cum
1040 687 1141 744 ceteris
1164 705 1215 760 per
1237 691 1328 744 totum

241 778 483 849 quadragesimam

171 867 246 922 Item
269 867 433 922 conceditur
452 865 556 922 Jocnni
578 866 659 922 Todd
680 870 713 923 vt
735 869 768 920 12
789 864 905 920 termini
926 866 955 920 in
977 865 1082 937 quibus
1101 864 1235 920 lectiones
1256 863 1329 920 ordi·

240 955 334 1010 ncriss
363 955 476 1010 audiuit
502 955 568 1010 licet
594 973 650 1010 non
675 953 790 1010 omnino
813 953 968 1010 secundum
993 954 1113 1009 formem
1136 953 1240 1008 statuti
1264 970 1329 1008 cum

241 1042 465 1116 oppositionibus
486 1049 515 1100 et
535 1042 765 1116 responsionibus
786 1043 931 1114 requisitis
952 1042 1093 1098 sufficient
1114 1041 1195 1097 eisd
1216 1059 1329 1114 respon-

241 1131 366 1187 dendum
384 1131 527 1203 questioni

170 1219 278 1276 Eadem
294 1219 385 1291 gretie
402 1219 438 1275 de
458 1218 542 1275 verbo
560 1221 590 1275 in
610 1218 729 1275 verbum
752 1219 915 1274 conceditur
936 1217 1060 1273 Henrico
1082 1217 1214 1291 Dethyck
1235 1217 1328 1273 Chris·

242 1309 331 1363 tofero
350 1307 458 1380 Lynley

172 1394 248 1450 Item
272 1395 434 1450 conceditur
458 1395 564 1450 Thome
589 1395 698 1468 Bewley
720 1399 752 1449 vt
778 1399 809 1449 ll
832 1392 946 1449 termini
970 1409 1035 1447 cum
1059 1410 1091 1448 eo
1112 1394 1142 1447 in
1163 1410 1219 1464 quo
1238 1392 1329 1448 deter-

242 1484 402 1539 minaturus
414 1487 459 1539 est
472 1484 503 1538 in
515 1483 619 1555 quibus
633 1484 768 1539 lectiones
779 1483 935 1538 ordinaries
947 1481 1058 1537 eudiuit
1069 1482 1136 1537 licet
1147 1500 1202 1537 non
1216 1483 1330 1537 omnino

242 1573 395 1628 secundum
413 1574 533 1628 formem
551 1574 655 1628 stetuti
673 1591 739 1629 curn
756 1571 981 1645 oppositionibus
999 1576 1028 1627 et
1044 1572 1272 1644 responsionibus
1288 1590 1329 1626 re·

242 1663 355 1732 quisitis
367 1663 507 1718 sufficient
519 1663 544 1718 ci
557 1662 593 1718 ed
606 1662 832 1735 respondendum
843 1660 985 1733 questioni

171 1750 409 1805 Determinstores
425 1751 531 1820 collegii
552 1749 663 1820 Regalis
679 1749 732 1804 hoc
748 1765 823 1804 enno
838 1766 889 1820 pro
905 1747 1010 1819 quibus
1027 1747 1105 1802 nulls
1118 1748 1163 1802 vel
1179 1747 1270 1819 petits
1286 1748 1330 1803 vel

242 1855 373 1892 concesse
384 1838 440 1892 fuit
451 1837 542 1908 gretie
553 1837 662 1892 domini
674 1837 793 1893 Somner
806 1838 885 1910 Ryve
899 1836 1057 1908 Rsynoides
1070 1837 1157 1907 Fryer
1168 1835 1329 1908 Thompson

243 1925 337 1998 Drury
349 1929 379 1981 et
391 1924 493 1997 Tsyler

172 2013 246 2069 Item
270 2013 432 2069 conceditur
456 2011 597 2068 Richardo
621 2013 759 2068 Shermcn
780 2017 812 2070 vt
836 2032 854 2068 x
875 2012 991 2068 termini
1014 2013 1045 2066 in
1069 2011 1173 2082 quibus
1195 2012 1329 2068 lectiones
1342 2011 1362 2071 f.
1380 2011 1449 2070 46b

242 2101 397 2158 ordinaries
414 2099 526 2156 audiuit
543 2101 610 2156 licet
628 2119 685 2157 non
703 2103 818 2157 omnino
836 2101 991 2157 secundnm
1009 2102 1129 2156 formem
1146 2101 1248 2156 statuti
1265 2119 1330 2156 cum

243 2189 467 2262 oppositionibus
488 2196 518 2246 et
538 2189 767 2262 responsionibus
789 2191 933 2262 inquisitis
953 2191 1095 2246 sufficient
1115 2191 1141 2245 ei
1161 2190 1197 2245 ed
1217 2208 1329 2262 respon·

242 2279 367 2334 dendum
384 2279 527 2350 questioni

173 2369 247 2422 Item
264 2367 427 2422 conceditur
439 2366 580 2423 Willelmo
598 2368 715 2439 Hughes
730 2373 762 2422 vt
778 2373 795 2424 9
810 2368 925 2424 termini
942 2367 971 2422 iu
988 2366 1092 2438 quibus
1108 2367 1242 2422 lectiones
1258 2367 1330 2423 ordi·

244 2457 336 2510 nerias
362 2455 474 2510 audiuit
500 2456 567 2510 licet
594 2474 651 2510 non
676 2457 791 2512 omnino
815 2455 970 2512 secundum
995 2456 1113 2510 formem
1139 2455 1242 2510 statuti
1266 2473 1330 2510 cum

243 2544 467 2614 oppositionibus
488 2549 518 2599 et
539 2545 768 2616 responsionibus
788 2545 933 2616 requisitis
954 2545 1096 2599 sufficient
1115 2543 1140 2599 ei
1161 2543 1197 2598 sd
1218 2562 1330 2615 respon·

243 2632 368 2687 dendum
392 2632 534 2703 questioni
558 2633 693 2703 quoniam
722 2651 830 2689 annum
860 2633 1019 2704 proximum
1049 2633 1110 2687 sine
1135 2633 1257 2687 maximo
1280 2649 1332 2688 suo

244 2721 414 2777 detrimento
433 2727 580 2794 expectere
598 2740 654 2778 non
672 2727 767 2794 potest

219 3200 386 3266 Numerus
410 3199 715 3266 bacchcleureorum
738 3201 774 3265 in
796 3200 924 3265 artibus
946 3199 1040 3266 iuxta
1062 3201 1285 3266 senioritetem

336 3437 475 3510 ²Brydgcs
679 3439 797 3494 Somner
980 3440 1118 3495 Shermen

350 3527 440 3598 Bnlye
679 3527 773 3600 Longe
980 3529 1089 3600 Tylney

350 3614 446 3670 Todde
677 3617 761 3688 Guyn
979 3617 1067 3689 Frycr

351 3703 448 3760 Cobbe
679 3705 784 3760 Renes
979 3706 1122 3761 Thomson

352 3793 451 3848 Dowsc
980 3795 1107 3850 Oowltcn

350 3880 501 3936 Rowlcnde
979 3882 1073 3954 Drury

351 3969 465 4041 Hyokes
979 3970 1080 4043 Teyler

350 4057 453 4127 Hughs
980 4058 1115 4131 Beucrley

351 4143 498 4215 Dctbycke
977 4146 1095 4217 Smythe

238 4407 248 4440 ¹
265 4409 348 4460 These
359 4423 450 4460 names
461 4424 504 4462 cre
516 4409 643 4474 smenged
653 4411 682 4460 in
694 4425 744 4460 one
754 4412 859 4462 column
872 4411 950 4475 slong
961 4412 1006 4464 the
1018 4413 1118 4477 bottom
1130 4415 1159 4464 oi
1168 4415 1186 4467 i.
1201 4417 1233 4466 46
1242 4431 1266 4467 ι
