3408 5116
203 347 369 430 1582-83]
635 363 748 411 cusos
771 361 864 408 soon
887 360 910 410 Δ
1293 353 1354 416 371

202 518 372 574 Conceditur
396 518 495 573 ultimo
520 519 588 573 Maii
643 519 716 573 Cum
739 517 882 572 ocsdemie
908 522 1102 573 tenementum
1130 519 1205 590 quod
1234 520 1358 575 Johanni

275 608 405 663 Bocstcro
423 625 513 678 nuper
531 607 643 662 locastis
661 607 744 661 hodie
762 606 939 677 possideatur
956 623 974 660 a
991 607 1104 661 doctore
1122 606 1211 678 Bingo
1229 608 1259 662 in
1278 609 1359 663 cuius

273 695 420 751 locationis
441 696 593 750 indentura
613 696 722 768 sliquot
745 693 813 750 enni
838 694 930 750 sdhuc
949 699 1102 766 supersunt
1120 695 1213 767 placet
1231 696 1310 751 vobis
1328 703 1360 752 vt

272 784 349 840 dicto
366 785 516 840 indenturs
533 786 563 839 in
579 785 687 841 domini
706 784 915 855 procanccllarii
932 801 1034 838 monus
1049 783 1159 839 reddite
1190 784 1268 840 Idem
1283 791 1359 841 tenc·

273 876 400 929 mentum
421 891 486 928 cum
504 873 564 928 suis
582 872 763 944 pertinenciis
784 871 819 926 ad
841 871 994 926 terminum
1013 871 1200 943 quodraginta
1220 891 1359 930 annorum

272 959 403 1032 deinceps
433 961 558 1032 proxime
589 958 818 1031 complendorum
851 957 978 1030 predicto
1009 957 1118 1013 doctori
1147 958 1237 1030 Bingo
1265 965 1360 1015 vestro

272 1050 441 1104 auctoritate
455 1049 490 1104 de
507 1049 615 1120 integro
630 1048 737 1103 locetur
753 1048 793 1102 sic
808 1053 840 1101 vt
858 1065 907 1117 pro
926 1047 1022 1102 eedem
1039 1051 1201 1102 tenemento
1219 1049 1359 1105 usitatum

272 1153 398 1191 annuum
417 1136 559 1192 redditum
575 1135 717 1191 academie
733 1136 823 1190 solvat
840 1135 1013 1206 eiisdemque
1029 1134 1237 1192 conditionibus
1255 1137 1359 1207 quibus

273 1225 399 1294 proxime
411 1225 512 1280 locatio
523 1225 599 1280 lecte
611 1223 667 1278 fuit
679 1223 852 1294 astringetur
863 1227 893 1277 et
905 1239 989 1293 super
1005 1222 1057 1276 hec
1074 1227 1168 1278 vestre
1184 1225 1360 1279 concessione

273 1331 345 1366 nova
357 1311 510 1367 indentura
520 1313 571 1367 fiet
583 1330 675 1367 corum
688 1311 768 1367 vobis
780 1310 896 1382 legenda
910 1328 998 1382 coque
1014 1310 1054 1366 sic
1071 1310 1143 1366 lecta
1158 1311 1250 1382 sigillo
1266 1316 1360 1368 vestre

272 1401 413 1456 communi
426 1401 553 1470 signetur

202 1489 371 1544 Conceditur
383 1493 418 1545 26
430 1488 447 1543 J
449 1491 508 1544 unii
521 1490 655 1560 magistre
666 1489 816 1544 Laurentio
826 1487 1006 1543 Shitleworth
1016 1487 1214 1543 becchaletueo
1223 1488 1360 1560 theologie

274 1578 389 1633 Oxeniis
401 1583 433 1631 vt
444 1578 483 1632 sit
495 1577 541 1632 hic
552 1576 627 1649 opud
641 1594 690 1631 vos
702 1576 818 1631 eiisdcm
831 1575 919 1646 gradu
931 1575 1028 1630 ordine
1039 1577 1069 1629 et
1080 1591 1155 1629 enno
1164 1574 1268 1646 quibus
1277 1579 1321 1630 est
1330 1577 1359 1630 in

272 1665 415 1720 ocadernio
427 1665 577 1721 Oxoniensi
627 1665 733 1720 Eodem
749 1664 840 1736 grstia
855 1663 1018 1720 conceditur
1034 1668 1068 1718 29
1084 1663 1165 1718 Junii
1182 1665 1258 1736 Stcp.
1277 1665 1359 1736 Lym-

274 1754 416 1808 mitteret
434 1753 557 1808 Roberto
573 1752 666 1809 Cooke
681 1753 711 1807 in
728 1752 838 1808 artibus
856 1752 998 1823 magistris
1046 1755 1075 1806 3⁰
1090 1751 1160 1806 Julii
1177 1753 1220 1808 Jo.
1242 1753 1361 1822 Bentley

274 1841 349 1895 Edw.
365 1841 492 1911 Higgyns
506 1840 549 1894 Jo.
563 1841 679 1894 Browne
693 1840 755 1896 Art.
773 1839 893 1911 Awbery
910 1840 954 1896 Jo.
973 1839 1095 1893 Howson
1113 1839 1253 1894 Willclmo
1270 1840 1359 1895 Good-

275 1947 338 2000 wyn
356 1936 385 1984 et
404 1929 547 1984 leonardo
566 1930 674 1984 Button
692 1929 722 1984 in
740 1928 850 1984 artibus
868 1928 1011 1999 magistris
1028 1931 1058 1982 et
1075 1928 1125 1986 J0.
1142 1928 1295 1984 Sothcrton
1314 1929 1361 1984 W⁰

274 2016 366 2071 Ceoke
379 2014 455 2070 Edw.
470 2013 621 2070 Ridlesdon
634 2020 663 2069 et
676 2013 723 2070 W⁰
736 2015 884 2085 Veughem
897 2015 927 2068 in
939 2013 1050 2069 ortibus
1063 2013 1270 2071 becchalaurels

205 2103 373 2158 Conceditur
386 2108 415 2158 3⁰
426 2102 496 2157 iulii
509 2103 552 2157 Jo.
567 2101 678 2157 Pslmer
689 2102 863 2173 gravissimis
872 2101 1103 2174 occupationibus
1113 2103 1171 2158 heri
1182 2104 1211 2158 in
1221 2105 1361 2160 creatione

274 2190 388 2245 detento
401 2194 432 2244 vt
444 2206 495 2260 pro
506 2190 695 2260 assignatione
706 2189 812 2244 domini
830 2190 1018 2260 procuratoris
1032 2190 1153 2245 retineat
1168 2192 1360 2248 senioritstem

274 2296 354 2334 susm
376 2283 406 2334 et
426 2281 535 2334 creetur
557 2278 586 2332 in
609 2276 693 2332 domo
711 2277 867 2347 regentium
885 2281 915 2332 et
933 2277 1025 2336 solvet
1041 2279 1218 2335 uniuersiteti
1237 2297 1277 2334 xe
1294 2285 1360 2338 ante

274 2366 442 2424 creationem
480 2365 623 2435 (iorislect.
643 2365 742 2437 marg.)

204 2459 238 2508 28
251 2454 327 2525 Sept.
340 2459 373 2526 yt
386 2471 442 2508 was
454 2452 590 2524 gniunted
604 2453 668 2508 that
681 2453 730 2507 the
742 2452 839 2508 lettres
856 2471 917 2509 new
935 2453 1019 2509 medd
1034 2454 1134 2510 should
1152 2455 1186 2509 be
1202 2455 1295 2510 scaled
1313 2455 1360 2509 wlh

273 2544 323 2599 the
341 2559 471 2598 common
490 2543 564 2598 scale
585 2542 634 2600 viu
657 2543 755 2598 lettres
774 2543 964 2615 gmtulstorye
986 2550 1055 2600 vnto
1075 2544 1192 2600 tharohe
1213 2543 1313 2615 bishcp
1332 2544 1363 2599 ol

274 2632 467 2703 (lenterbmye
