3344 5110
774 341 887 391 orsos
909 343 1002 393 soon
1026 346 1048 394 Δ
1329 333 1497 418 [1542-43

714 692 869 758 Doctores
891 693 925 758 in
947 692 1018 758 iure
1040 692 1130 757 ciuili

337 876 371 931 In
392 877 491 948 primis
508 878 670 934 conceditur
687 877 817 934 Vmirido
838 878 952 950 Busbye
970 882 1001 932 vt
1021 877 1149 932 studium
1171 884 1280 948 septem
1303 892 1441 930 annorum
1461 875 1491 929 iu

406 966 466 1021 iure
478 965 555 1021 ciuili
568 971 632 1038 post
643 965 760 1038 gradum
775 965 1022 1022 haoehalaurcatue
1035 967 1064 1020 in
1076 965 1175 1021 eodem
1191 971 1354 1036 susceptum
1370 963 1491 1019 sufficiat

406 1053 486 1109 eiad
504 1054 694 1126 incipiendum
713 1055 742 1109 in
761 1053 858 1109 eodem
877 1054 938 1108 iura

336 1139 411 1194 Item
423 1139 585 1196 conceditur
597 1140 720 1196 Henrieo
733 1140 823 1195 Harvi
835 1145 867 1195 vt
879 1138 1006 1194 studium
1019 1146 1141 1209 quatuor
1152 1156 1289 1194 annorum
1298 1139 1329 1192 in
1342 1137 1401 1192 iure
1413 1135 1491 1191 ciuili

405 1233 471 1300 post
487 1229 605 1300 gradum
624 1228 871 1284 bacchalaureatus
887 1233 1050 1299 susceptum
1068 1228 1189 1282 sufficiat
1203 1227 1228 1281 ei
1247 1228 1283 1282 ed
1300 1224 1490 1297 incipiendum

405 1315 434 1370 in
453 1316 550 1372 eodem
568 1318 630 1373 iure

487 1631 603 1697 Gracie
625 1630 713 1696 varie
735 1639 770 1696 et
792 1629 916 1696 nullam
938 1630 1072 1695 formem
1096 1638 1326 1696 concernentes

334 1818 370 1874 In
388 1819 487 1891 primis
501 1819 663 1875 conceditur
680 1825 712 1876 vt
732 1820 925 1877 hacchalaurei
941 1821 1012 1876 iuris
1029 1820 1122 1875 ciuilis
1140 1819 1324 1891 imposterum
1341 1834 1396 1872 non
1411 1822 1488 1873 tene-

403 1911 489 1962 antur
501 1911 565 1978 post
577 1925 673 1963 eorum
685 1908 884 1963 admissionem
902 1908 992 1978 legere
1008 1907 1112 1962 librum
1130 1905 1343 1960 institutionum
1360 1905 1388 1960 in
1405 1905 1488 1959 scolis

403 1994 524 2066 publicis
543 2013 607 2050 cum
629 1995 658 2050 id
677 2013 788 2067 semper
806 1996 867 2050 sinc
886 1995 981 2067 aliquo
1000 1995 1094 2050 fructu
1116 1994 1233 2050 iecerint
1250 1993 1290 2047 sic
1308 1991 1384 2063 quod
1404 2009 1487 2047 vnus·

402 2085 522 2155 quisque
540 2102 636 2140 eorum
654 2085 746 2140 solvat
765 2085 941 2141 uniuersitati
959 2088 1100 2155 quantum
1118 2081 1293 2137 considerata
1313 2081 1486 2152 singulorum

402 2170 536 2226 iacrrltate
548 2171 692 2226 decretum
708 2171 793 2226 nent
809 2189 859 2243 per
875 2169 1132 2226 vicecancellarium
1149 2171 1178 2223 et
1193 2166 1336 2222 doctorem
1354 2165 1486 2222 cathedre

401 2259 471 2314 iuris
490 2258 581 2314 civilis
599 2263 630 2314 et
650 2259 788 2314 seniorem
807 2264 1017 2331 procuratorem
1039 2256 1088 2328 qui
1108 2272 1159 2327 pro
1178 2261 1304 2327 tempore
1321 2255 1427 2310 fuerint
1445 2254 1487 2308 ita

400 2361 513 2416 quoque
531 2349 563 2400 vt
581 2345 656 2400 vltra
674 2344 734 2416 xiij·
752 2344 807 2414 iiij‘¹
825 2363 843 2400 a
861 2345 973 2400 nemine
990 2343 1118 2414 exigatur

332 2431 406 2487 Item
419 2432 581 2487 conceditur
593 2437 624 2487 vt
635 2449 755 2504 expense
767 2432 842 2487 facte
852 2450 926 2488 anno
944 2431 1080 2503 superiori
1098 2447 1149 2502 per
1165 2430 1309 2485 doctorem
1325 2428 1486 2484 Edmondcs

401 2530 470 2577 tunc
482 2521 738 2578 vicecancellarium
755 2521 785 2577 in
798 2522 919 2592 negociis
937 2521 1039 2577 vestris
1057 2519 1176 2575 Londini
1191 2519 1303 2574 allocari
1315 2519 1424 2590 possint
1436 2535 1486 2590 per

399 2610 540 2665 doctorem
562 2609 637 2680 Glyn
654 2610 804 2680 magistros
825 2609 996 2681 Swynborne
1016 2612 1047 2663 et
1071 2607 1222 2680 Atkynson
1245 2607 1351 2678 collegii
1375 2605 1485 2677 Regalis

401 2703 485 2769 provt
502 2697 559 2751 illis
576 2697 669 2752 vuum
686 2697 773 2752 firerit

330 2787 404 2841 Item
420 2785 582 2840 conceditur
594 2789 626 2839 rt
637 2785 771 2855 magister
779 2785 1021 2840 vicecancellarius
1037 2789 1067 2839 et
1081 2784 1179 2840 doctor
1192 2782 1345 2840 Lockwood
1362 2782 1486 2837 habeant

398 2881 519 2930 vestram
539 2873 741 2929 authoritatem
762 2873 899 2929 allocandi
921 2891 1057 2946 expensas
1075 2874 1164 2928 iactas
1185 2874 1214 2928 in
1235 2874 1295 2944 lege
1315 2871 1434 2927 Londini
1454 2871 1484 2925 in

397 2963 558 3019 detersione
579 2963 776 3034 magistrorum
796 2962 909 3034 Gylpyn
931 2969 960 3017 et
985 2961 1168 3017 Sawnderson
1188 2961 1296 3017 ratione
1319 2959 1402 3014 officii
1422 2976 1483 3031 pro-

399 3053 536 3108 curatoris
551 3051 687 3107 aduersus
701 3050 855 3106 Robertum
867 3051 958 3106 Wolie
975 3056 1004 3106 et
1023 3051 1141 3123 Swayne
1157 3051 1187 3105 in
1205 3067 1289 3105 causa
1305 3065 1356 3120 per
1372 3047 1483 3103 eosdem

397 3138 578 3211 approbanda

327 3228 402 3285 item
419 3227 581 3283 conceditur
597 3230 629 3282 vt
646 3227 780 3298 magister
797 3225 892 3282 Oheke
910 3227 1035 3282 mutuari
1053 3227 1143 3299 possit
1159 3245 1193 3282 ex
1209 3226 1380 3282 bibliotheca
1390 3229 1484 3281 vestre

397 3317 518 3373 leonem
530 3317 566 3372 de
577 3315 691 3372 aciebus
709 3316 883 3370 instruendis
898 3333 1011 3386 mum
1028 3317 1070 3371 ita
1086 3315 1161 3388 quod
1174 3317 1307 3370 restituat
1323 3313 1483 3374 achademie

397 3405 469 3460 citra
479 3404 603 3460 natalem
616 3403 731 3458 Domini
743 3403 794 3475 qui
808 3404 863 3459 erit
875 3404 905 3459 in
917 3421 992 3459 anno
1004 3403 1112 3459 domiui
1127 3408 1196 3458 1544
1207 3403 1262 3460 sub
1274 3421 1347 3475 pena
1357 3404 1483 3474 quinque

397 3493 532 3548 librarum
550 3490 693 3546 communi
713 3490 783 3544 cista
801 3489 1032 3562 apphceudarum
1054 3495 1083 3545 et
1101 3489 1167 3545 inde
1184 3489 1235 3544 fiat
1255 3489 1388 3560 obligatio
1405 3493 1482 3544 ante·

398 3599 485 3653 quam
502 3580 543 3636 illi
561 3579 633 3635 liber
650 3578 781 3634 tradatur

329 3671 402 3727 Item
420 3669 582 3726 conceditur
597 3673 629 3722 vt
643 3667 741 3723 doctor
758 3666 910 3723 Lookwood
929 3667 1056 3738 magistri
1076 3667 1184 3722 Madew
1203 3667 1313 3739 Reyncr
1326 3672 1356 3722 et
1371 3666 1484 3722 Hunter·

398 3757 457 3812 sint
468 3757 575 3812 iudices
586 3755 706 3826 delegati
718 3755 748 3809 in
760 3773 845 3810 causa
856 3756 1054 3828 appellationis
1070 3757 1100 3811 iu
1115 3773 1173 3827 qua
1187 3755 1290 3810 iterum
1302 3773 1378 3810 nunc
1389 3756 1482 3828 appel·

398 3844 474 3901 latur
482 3844 518 3900 ad
527 3843 720 3900 achademiam
729 3861 783 3914 que
790 3843 884 3914 agitur
895 3844 970 3898 inter
977 3843 1116 3898 Joannem
1126 3842 1296 3915 Whytalrers
1303 3846 1334 3898 et
1345 3843 1482 3898 Thomam

398 3932 474 4005 Kety
491 3933 532 3987 sio
549 3936 581 3986 vt
598 3931 622 3986 si
639 3947 737 3986 omnes
753 3931 890 4010 interesse
906 3929 1086 4002 nequiuerint
1103 3934 1172 3986 tunc
1184 3935 1242 3986 tres
1258 3929 1441 3986 nihilominus
1453 3931 1482 3985 in

398 4037 483 4077 cerusa
503 4019 655 4092 procedant
674 4026 704 4074 et
724 4019 858 4091 quioquid
879 4019 969 4075 meior
986 4036 1051 4092 pars
1069 4019 1169 4074 horum
1187 4020 1314 4075 omnium
1332 4019 1376 4076 vel
1394 4020 1481 4075 trium

396 4108 552 4164 decreuerit
571 4124 623 4179 pro
644 4111 739 4162 vestro
757 4107 861 4162 iudicio
884 4105 1023 4163 habeatur
1040 4107 1082 4163 ita
1102 4107 1178 4179 quod
1199 4107 1292 4163 ierant
1312 4109 1481 4164 sententiam

396 4197 470 4253 inira
487 4213 613 4251 mensem

227 4286 247 4347 i.
265 4289 400 4347 laltem
422 4285 585 4341 conceditur
608 4285 743 4356 magistro
762 4284 843 4341 West
861 4291 893 4342 vt
911 4285 1030 4341 vedetio
1047 4285 1187 4358 adquam
1206 4289 1319 4342 tenetur
1336 4286 1389 4341 hoc
1406 4303 1480 4342 anno

394 4375 498 4431 differri
512 4374 601 4446 possit
612 4375 643 4429 in
655 4375 814 4446 proximum
826 4393 933 4431 annum
945 4376 986 4431 sic
998 4375 1073 4448 quod
1087 4376 1138 4431 liat
1149 4375 1221 4431 citra
1230 4376 1353 4432 natalem
1367 4375 1480 4430 Domini
