3398 5122
338 359 403 424 380
772 369 886 420 esaon
908 368 1001 418 soon
1025 371 1048 416 a
1329 351 1497 437 [1583-84

409 528 504 600 potuit
525 527 632 582 dictrrm
651 524 754 581 librum
773 524 928 580 describere
946 525 1038 596 placet
1056 523 1136 580 vobis
1153 529 1186 580 vt
1203 524 1278 580 idem
1297 526 1418 581 retineat
1434 541 1496 596 pre·

410 617 500 672 iatum
518 615 621 670 librum
639 614 693 670 sub
711 612 921 670 condicionibus
937 613 1098 684 prescriptis
1114 619 1143 668 et
1158 612 1331 684 obligacione
1346 617 1430 669 antea
1445 629 1496 684 per

408 704 549 760 doctorem
567 703 626 758 Bell
644 703 755 774 signata
770 703 892 774 sigillata
908 707 938 757 et
953 701 1107 757 deliberate
1123 719 1211 774 vsque
1227 701 1263 756 ad
1281 702 1386 758 festum
1402 700 1495 756 sancti

411 792 556 848 Michaelis
568 791 724 862 anchangeli
738 791 896 862 proximum
908 791 1037 845 futurum

200 885 221 946 f,
240 885 326 943 144b
340 880 509 935 Conmditur
522 883 555 934 10
567 879 698 935 Octobris
711 879 818 934 Simoni
833 877 945 933 Robson
958 895 1035 932 sacre
1052 877 1189 948 theologis
1200 877 1401 933 baechelaureo
1413 882 1446 932 vt
1457 877 1497 931 sit

410 986 482 1023 rnus
493 987 526 1023 ex
541 973 573 1023 12
586 967 807 1040 predicatoribus
820 968 872 1022 hoo
884 967 1007 1039 presenti
1020 983 1094 1022 anno
1111 985 1161 1038 per
1175 967 1347 1022 academiam
1364 966 1496 1021 emittan-

409 1057 505 1112 dissic
517 1061 549 1112 vt
561 1057 708 1128 superhac
721 1063 814 1112 vestra
830 1057 1006 1111 concessione
1022 1057 1118 1110 literas
1133 1055 1235 1110 habeat
1251 1055 1388 1125 sigillatas
1405 1053 1496 1125 sigillo

409 1149 501 1200 vestro
517 1146 658 1200 communi
701 1150 731 1200 3⁰
747 1145 891 1200 Februarii
908 1144 986 1199 Alex.
1006 1144 1128 1215 Spencer
1143 1143 1281 1215 theologie
1299 1143 1496 1198 bacchalaureo

410 1239 443 1290 10
455 1234 534 1290 Junii
548 1235 635 1290 Henr.
649 1233 730 1289 Vaux
742 1235 772 1288 in
785 1234 895 1289 artibus
911 1233 1045 1304 magistro
1098 1237 1145 1288 20θ
1161 1232 1178 1287 J
1181 1233 1240 1289 unii
1258 1232 1377 1288 Ricardo
1394 1231 1497 1287 Wards

408 1322 545 1392 theologie
563 1322 761 1377 bacchalaureo
813 1325 830 1375 8
848 1321 918 1376 Julii
937 1321 1056 1376 Ricardo
1074 1321 1171 1376 James
1186 1337 1263 1375 sacre
1280 1319 1417 1390 theologie
1433 1336 1495 1390 pro·

409 1412 505 1466 sessori

338 1498 507 1554 Conceditur
529 1501 562 1553 16
582 1497 743 1554 Decembris
764 1505 795 1553 vt
816 1496 956 1578 generales
979 1497 1105 1568 sophista
1124 1497 1178 1552 hoo
1198 1514 1273 1552 auno
1293 1497 1441 1569 coaptandi
1465 1497 1495 1550 in

408 1587 534 1642 ordinem
546 1585 809 1641 baochslaureorum
821 1585 931 1656 possint
943 1593 1036 1640 vestra
1053 1586 1222 1640 auctoritate
1238 1590 1320 1640 actus
1335 1603 1402 1640 suos
1416 1584 1496 1639 scho-

409 1675 522 1730 lasticos
534 1691 664 1746 peregere
675 1679 705 1727 et
717 1674 891 1744 sophismata
903 1690 955 1728 sua
966 1673 1104 1744 requisita
1115 1674 1232 1744 singulis
1249 1673 1349 1729 diebus
1364 1673 1495 1744 protestis

408 1763 444 1818 ad
456 1763 675 1833 assignaoiouem
684 1766 715 1816 et
723 1762 943 1834 supervisionem
952 1761 1129 1816 dominorum
1140 1765 1352 1832 procuratorum
1362 1761 1495 1815 conficere

408 1869 425 1906 a
441 1850 564 1922 presenti
580 1849 626 1905 die
643 1867 731 1920 vsque
746 1848 782 1905 ad
799 1848 969 1920 principium
986 1849 1105 1920 proximi
1122 1849 1236 1904 termini
1254 1848 1294 1902 sic
1312 1853 1345 1903 vt
1363 1848 1496 1903 intersint

408 1956 480 1994 vnus
493 1937 700 1993 moderatorum
712 1941 741 1992 et
756 1941 788 1992 12
801 1937 836 1992 ad
849 1937 999 1992 minimum
1012 1937 1138 2008 sophista
1150 1937 1275 2008 alioquin
1287 1953 1321 1992 ea
1337 1937 1496 2008 disputacio

408 2043 459 2097 pro
471 2024 549 2080 nulla
561 2023 699 2078 habeatur

338 2113 508 2168 Conceditur
521 2112 619 2168 eodem
635 2128 699 2167 cum
715 2111 776 2166 dies
791 2111 828 2166 sd
845 2111 1065 2183 philosophicam
1081 2111 1304 2184 disputacionem
1321 2129 1372 2183 per
1386 2115 1497 2168 statute

408 2201 549 2258 academie
572 2201 707 2271 assignati
732 2217 787 2254 non
812 2199 955 2255 sufficiunt
976 2201 1131 2272 incepturis
1151 2200 1204 2255 hoc
1223 2201 1348 2272 presenti
1369 2218 1444 2256 anno
1465 2201 1496 2256 in

409 2290 517 2347 artibus
541 2295 573 2345 vt
597 2295 691 2346 vestra
714 2291 883 2344 auctoritate
907 2288 1013 2344 eisdem
1034 2289 1188 2360 incepturis
1208 2286 1329 2343 liberum
1354 2289 1394 2344 sit
1417 2289 1495 2344 omni

409 2381 532 2452 profesto
543 2380 589 2434 die
601 2377 751 2434 cuiuslibet
763 2378 921 2449 septimane
933 2379 963 2432 in
976 2379 1096 2433 termino
1111 2379 1321 2450 disputaoiones
1336 2383 1367 2434 ct
1382 2395 1495 2449 respon-

409 2471 502 2525 siones
514 2486 579 2524 suas
591 2485 655 2522 cum
669 2468 811 2537 magistris
824 2485 952 2538 peragere
965 2469 994 2522 in
1007 2468 1110 2523 scholis
1122 2467 1280 2523 dialectices
1292 2467 1329 2523 ab
1341 2468 1410 2523 hora
1421 2485 1496 2523 nona

409 2556 631 2612 antemeridiana
643 2573 731 2626 vsque
743 2555 778 2610 ad
796 2556 846 2626 xjm
861 2555 902 2609 sic
918 2560 950 2609 vt
966 2556 1038 2611 alter
1053 2561 1266 2627 procuratorum
1285 2556 1361 2611 adsit
1377 2562 1406 2611 et
1422 2573 1495 2611 vnus

409 2644 579 2702 badellorum
595 2649 625 2699 et
641 2644 736 2699 decem
754 2643 790 2698 ad
808 2644 902 2698 minus
920 2644 1112 2700 bacchalaurei
1131 2645 1236 2700 artium
1254 2645 1284 2699 in
1303 2644 1448 2700 habitibus
1465 2649 1495 2698 et

406 2734 568 2805 questiones
586 2732 756 2803 disputande
776 2732 844 2787 hora
860 2735 890 2786 8·
908 2739 975 2788 ante
991 2732 1215 2804 disputacionem
1231 2731 1321 2787 valvis
1336 2731 1495 2788 scholarum

408 2820 528 2891 publicis
540 2821 689 2891 affigantur
700 2820 805 2892 alioqui
818 2820 978 2892 disputacio
990 2819 1039 2876 illa
1053 2838 1103 2891 pro
1116 2820 1195 2875 nulla
1206 2819 1344 2876 habeatur

338 2909 508 2966 Conceditur
525 2913 554 2966 3ο
572 2909 680 2981 Aprilis
697 2927 761 2965 cum
780 2910 864 2966 inulti
882 2909 918 2964 ad
937 2910 992 2965 huc
1009 2915 1162 2981 supersunt
1181 2910 1210 2965 in
1228 2909 1338 2965 artibus
1356 2908 1495 2981 incepturi

408 2997 512 3069 quibus
524 3016 579 3053 non
592 2998 736 3053 sufficiunt
748 3004 876 3069 tempora
888 3014 906 3052 a
917 2997 997 3052 vobis
1008 2997 1151 3052 destinata
1162 2998 1198 3053 ad
1211 2998 1400 3070 peragendum
1411 3001 1495 3052 actus

410 3087 472 3142 illos
484 3087 665 3143 scholasticos
676 3087 725 3158 qui
740 3103 789 3158 per
801 3090 911 3142 statuta
923 3090 1016 3142 vestra
1026 3086 1209 3156 requiruntur
1220 3091 1252 3140 vt
1264 3085 1382 3156 singulis
1394 3083 1495 3140 diebus

408 3175 540 3246 profestis
561 3175 644 3230 liceat
662 3175 703 3232 eis
720 3174 756 3228 ab
776 3175 843 3229 hora
860 3174 952 3245 prima
970 3173 1161 3246 pomeridiana
1179 3173 1215 3228 ad
1237 3175 1353 3228 tertiam
1376 3173 1494 3228 alteram

410 3264 557 3318 instituere
575 3269 604 3318 et
623 3279 752 3334 peragere
770 3261 993 3333 disputacionem
1010 3261 1232 3333 philosophicam
1249 3279 1385 3316 unacum
1403 3261 1493 3316 varia·

408 3351 488 3407 sione
504 3351 534 3405 in
550 3350 653 3405 scholis
671 3349 862 3422 publicisque
878 3353 991 3403 tantum
1008 3365 1059 3419 pro
1075 3353 1142 3403 actu
1158 3348 1325 3404 scholastico
1337 3347 1495 3404 habeantur

409 3440 433 3494 si
451 3443 663 3510 procuratorum
681 3437 753 3493 alter
771 3442 800 3492 et
817 3455 851 3492 ex
871 3435 986 3492 bedellis
1006 3455 1079 3492 nnius
1101 3437 1216 3492 intersit
1235 3453 1291 3492 vna
1312 3454 1377 3493 cum
1397 3437 1493 3493 decem

408 3528 601 3584 becohalaurei
620 3529 650 3584 in
668 3527 769 3583 habitu
787 3527 955 3582 scholastico

339 3616 509 3673 Conceditur
528 3619 562 3671 16
584 3615 745 3672 Decembris
767 3620 799 3669 vt
819 3614 935 3669 Boetius
956 3614 986 3668 in
1007 3613 1147 3684 anglicum
1167 3630 1324 3669 sermonem
1345 3629 1495 3668 conversus

409 3706 492 3761 detur
504 3709 603 3759 mutuo
615 3703 758 3774 magistris
776 3701 888 3757 Robson
904 3719 920 3756 e
936 3701 1051 3772 collegio
1066 3701 1124 3756 divi
1140 3700 1158 3756 J
1160 3701 1280 3757 ohannis
1296 3705 1326 3756 at
1342 3701 1495 3772 Spenosre

409 3793 524 3863 collegio
537 3792 643 3847 Christi
655 3808 689 3846 ea
700 3790 760 3862 lege
775 3795 806 3846 vt
821 3791 990 3846 restituatur
1004 3795 1072 3846 ante
1087 3790 1192 3844 festum
1209 3789 1348 3844 Johanuis
1364 3789 1493 3860 Baptista

410 3883 567 3953 proximum
588 3880 643 3936 sub
663 3897 735 3952 pena
755 3898 792 3935 cs
817 3897 866 3950 per
889 3879 1090 3950 obligacionem
1114 3896 1195 3934 suam
1219 3881 1286 3934 ante
1310 3878 1493 3933 traditionem

410 3969 535 4024 eiusdem
548 3968 612 4024 libri

340 4057 511 4113 Conceditur
523 4060 556 4111 15
569 4056 587 4111 J
589 4056 698 4114 anuani
712 4060 743 4110 vt
756 4055 883 4125 magistri
895 4053 1022 4109 doctores
1034 4054 1154 4125 Tyndall
1168 4053 1354 4125 Bridgewater
1366 4059 1395 4107 ct
1407 4051 1495 4107 Ward

410 4151 440 4201 et
457 4145 584 4215 magistri
604 4143 720 4198 Barwell
738 4147 767 4199 et
786 4142 884 4197 Navall
902 4141 961 4196 sint
979 4141 1086 4196 iudices
1107 4141 1227 4212 delegati
1248 4141 1279 4195 in
1299 4157 1383 4194 carna
1400 4139 1495 4210 appel·

409 4233 525 4288 larionis
538 4232 664 4303 magistri
681 4231 786 4286 Lilesse
801 4231 841 4286 sio
856 4236 888 4284 vt
905 4230 934 4285 id
951 4235 1045 4285 ratum
1061 4231 1100 4285 sit
1116 4230 1192 4300 quod
1209 4229 1298 4284 maior
1314 4245 1379 4300 pars
1397 4245 1493 4282 eorum

410 4321 563 4376 decreverit
574 4321 648 4375 infra
660 4324 773 4390 tempus
785 4338 835 4391 per
846 4323 987 4375 statutum
1001 4318 1155 4373 limitatum

339 4409 508 4467 Conceditur
520 4413 552 4464 21
567 4408 711 4463 Februarii
725 4408 772 4463 W⁰
784 4409 925 4463 Barwicke
937 4409 967 4462 in
980 4407 1089 4464 artibus
1102 4408 1236 4479 magistro
1245 4411 1277 4462 vt
1287 4405 1389 4461 habeat
1396 4405 1493 4460 literas
