3394 5114
208 361 372 448 1572-73]
640 380 754 429 onnes
776 376 869 428 noos
893 379 915 426 ιι
1299 363 1362 430 265

207 535 377 591 Conceditur
393 539 428 590 24
446 534 574 590 Jonusrii
620 534 759 604 Quoniam
777 535 910 606 magister
929 534 1026 590 Barth.
1045 534 1144 590 Olerke
1162 535 1192 590 in
1210 535 1270 590 iure
1287 533 1363 590 civili
1377 545 1396 602 f,
1415 543 1500 602 1112

277 624 419 680 admissus
432 624 560 696 inceptor
573 629 689 695 propter
700 629 843 695 magnast
858 623 955 695 gravis
967 623 1079 694 negocio
1095 623 1230 694 proximis
1242 623 1364 677 comitiis

278 714 414 769 interesse
429 731 485 769 non
504 717 599 786 potest
616 713 708 784 placet
725 712 804 768 vobis
820 717 853 768 vt
868 713 929 768 eius
946 713 1051 768 crestio
1066 712 1212 768 differetur
1228 729 1316 784 vsquc
1334 711 1363 766 in

278 801 434 873 proximem
453 803 695 872 congregacionem
713 801 869 873 regentium
890 806 956 872 post
974 800 1050 856 iilius
1070 801 1229 872 proximum
1247 799 1283 855 ed
1302 817 1363 854 oos-

277 891 400 947 demism
416 890 570 946 adventum
607 890 686 946 Idem
702 895 814 948 creatus
825 895 870 945 est
886 890 916 944 iu
931 888 1051 961 publicis
1062 889 1145 944 scolis
1157 906 1206 960 per
1216 888 1363 944 dominum

277 978 534 1033 vicecancellarium
547 981 564 1031 8
577 977 646 1032 Maii

207 1066 377 1122 Conceditur
396 1071 430 1122 19
447 1067 527 1123 Junii
546 1067 681 1138 magistro
699 1066 806 1122 Thome
824 1065 931 1122 Greeks
949 1069 981 1120 vt
998 1064 1125 1120 studium
1144 1070 1160 1119 5
1177 1081 1314 1120 annorum
1333 1064 1363 1119 in

278 1154 338 1209 iure
349 1154 424 1209 civili
441 1159 505 1226 post
516 1155 635 1226 gnidum
646 1153 890 1210 bocohslsurietus
902 1154 932 1208 in
944 1153 1042 1208 eedem
1054 1152 1188 1208 fecultete
1200 1156 1363 1223 susceptum

277 1261 341 1299 cum
358 1244 584 1316 opposicionibus
601 1242 829 1316 responsionibus
845 1247 875 1299 st
890 1242 954 1298 sliis
970 1241 1110 1297 exercitiis
1127 1259 1178 1313 per
1193 1245 1304 1297 statute
1322 1259 1362 1296 rs·

277 1331 391 1402 quisitis
409 1332 531 1387 sufficiet
550 1333 577 1386 ei
595 1331 632 1387 ed
656 1330 881 1404 respondendum
906 1332 935 1385 in
959 1330 1057 1386 eodem
1081 1331 1142 1386 iure
1182 1331 1363 1386 Presontstus

277 1419 374 1476 eodem
392 1437 442 1492 per
459 1421 601 1476 doctorem
621 1421 719 1493 Her-vy

546 1733 777 1798 Bacchalaurci
799 1733 834 1798 in
859 1733 1025 1820 theologis

205 1906 375 1962 Conceditur
386 1909 403 1962 6
417 1907 513 1962 Martii
527 1908 659 1978 magistro
672 1907 846 1963 Christoforo
859 1907 999 1963 Kirklsnd
1013 1913 1043 1962 vt
1055 1907 1182 1963 studium
1195 1911 1361 1965 vannorum

276 1995 306 2049 in
322 1995 461 2066 theologie
477 2000 628 2066 postquam
645 1998 747 2051 rexerit
764 1996 793 2050 iu
809 1994 920 2050 artibus
932 2013 996 2050 cum
1008 1995 1233 2067 oppositionibus
1249 2013 1361 2067 respon·

275 2085 401 2140 sionibus
417 2085 594 2141 sermonibus
610 2091 640 2141 et
655 2087 719 2142 eliis
734 2086 874 2141 exercitiis
891 2104 941 2158 per
958 2091 1068 2142 statuto
1083 2087 1228 2157 requisitis
1241 2075 1363 2140 sufficiat

275 2173 301 2228 ei
317 2178 377 2228 tem
394 2172 431 2227 sd
442 2173 640 2244 opponendum
652 2192 738 2245 quem
754 2173 791 2228 ud
809 2174 973 2229 intrandum
990 2175 1019 2229 in
1032 2191 1112 2229 sacre
1123 2175 1262 2245 theologis
1298 2175 1361 2228 Prs-

275 2266 404 2318 sentstus
416 2267 445 2316 2⁰
457 2262 526 2318 Maii
538 2281 589 2334 per
600 2262 743 2319 doctorem
756 2263 846 2318 Kelke

205 2350 312 2405 Eadem
327 2350 417 2421 grstia
434 2351 597 2406 conceditur
612 2352 709 2407 eodem
727 2353 862 2422 magistro
878 2351 968 2407 Rodes
980 2357 1011 2407 et
1024 2352 1093 2408 Tho.
1108 2352 1210 2424 Smyth
1247 2353 1361 2407 Prosen-

275 2439 336 2493 tsti'
344 2442 378 2492 10
389 2438 497 2509 Aprilis
508 2455 558 2510 per
569 2437 712 2494 doctorem
726 2439 831 2493 Psaros

205 2525 312 2582 Eadem
329 2529 420 2598 gratio
437 2529 600 2584 conceditur
619 2533 652 2586 17
673 2529 780 2600 Aprilis
799 2530 935 2599 magistro
953 2528 1096 2584 ledwino
1115 2527 1210 2584 Fsdsil
1248 2529 1361 2585 Prosen-

273 2619 353 2671 tstus
365 2616 461 2671 eodem
475 2635 525 2688 ρει·
536 2618 678 2672 doctorem
692 2619 797 2672 Peerne

204 2704 309 2759 Eodem
334 2705 425 2776 grstia
448 2705 610 2761 conceditur
634 2710 663 2760 2ο
688 2705 758 2760 Maii
786 2707 921 2777 magistro
944 2705 1050 2761 Jscobo
1075 2705 1137 2777 Byll
1161 2705 1209 2760 W⁰
1236 2705 1360 2761 Redmsn

274 2793 398 2848 Johenni
418 2795 535 2849 Hsnson
553 2812 611 2851 sen.
660 2795 816 2850 Preseutsti
835 2799 852 2850 8
871 2796 939 2850 Maii
958 2813 1008 2867 ρει
1024 2795 1167 2851 doctorem
1187 2795 1342 2867 Whitgyfts

204 2881 309 2937 Eodem
326 2882 418 2953 gratio
434 2882 597 2938 conceditur
613 2887 641 2937 20
658 2882 727 2937 Maii
744 2882 812 2938 Tho.
831 2883 938 2938 Crookc
975 2883 1157 2938 Presentstus
1173 2887 1208 2937 22
1225 2884 1293 2938 Maii
1310 2901 1360 2956 ρει·

273 2971 416 3026 doctorem
434 2971 593 3027 Ohsderton

552 3280 640 3345 Ordo
662 3281 860 3346 senioritatis
883 3282 1012 3366 ntoryin

379 3447 481 3520 Smyth
695 3449 787 3504 Rodes
1035 3449 1142 3504 Crooke

379 3535 442 3608 Byli
694 3536 833 3592 Kirkisnd
1035 3536 1171 3592 Hsndson

378 3623 473 3679 Esdsll
694 3623 821 3679 Rcdmsn

466 3962 589 4027 Gratim
612 3985 676 4066 npn
699 3970 931 4028 concernentes
954 3962 1089 4028 formam

200 4141 370 4197 Conceditur
391 4143 423 4198 17
445 4141 575 4197 Octobris
596 4143 730 4214 magistro
751 4144 858 4200 Thome
880 4144 969 4200 Ieccb
990 4145 1020 4202 in
1041 4143 1150 4200 artibus
1172 4145 1305 4215 rnepstro
1325 4149 1356 4198 vt

270 4231 308 4285 sit
332 4248 405 4285 vnus
428 4248 462 4286 ex
487 4235 520 4287 12
545 4232 766 4304 predicatoribus
790 4233 842 4288 hoc
866 4235 988 4305 presenti
1013 4251 1087 4288 enno
1111 4250 1161 4304 per
1184 4231 1355 4287 academiam

269 4319 434 4375 emittendis
451 4322 491 4376 sio
511 4327 542 4377 vt
559 4340 644 4393 ειιρθι·
661 4322 714 4376 hso
732 4323 910 4377 concessione
926 4329 1018 4377 vestro
1035 4323 1131 4377 literas
1148 4321 1251 4376 hebeat
1267 4323 1356 4393 obsig·

270 4413 352 4463 netes
370 4409 461 4479 sigillo
479 4416 573 4466 vestro
590 4413 733 4467 communi
