3394 5114
185 311 347 395 1563-64]
622 329 736 376 suros
760 328 851 376 soor<
874 327 897 374 Δ

536 659 748 724 Baohalaurei
771 661 805 724 in
828 659 992 747 theologia

187 807 356 864 Conceditur
367 811 411 880 xxj
426 810 506 865 Junii
520 811 653 882 magistro
665 812 683 867 J
685 830 709 868 ο.
721 812 839 883 Iguldon
852 818 883 867 vt
894 811 1021 867 studium
1034 813 1061 882 vj
1073 829 1211 866 annorum
1224 811 1253 865 in
1266 810 1343 865 theo-

257 897 330 967 logis
343 903 494 969 postquem
506 893 608 954 rexerit
622 899 652 954 in
667 899 778 955 artibus
795 918 860 955 cum
876 899 1100 972 oppositionibus
1117 897 1345 970 responsionibus

258 985 434 1041 sermonibus
445 992 475 1042 ot
486 987 549 1042 aliis
561 988 701 1044 exercitiis
713 1006 763 1061 per
780 989 866 1060 Regis
882 993 992 1044 statuta
1009 988 1154 1059 requisitis
1169 988 1345 1058 perficiendis

260 1073 334 1127 inire
345 1091 452 1129 annum
463 1093 514 1130 sue
526 1075 705 1131 admissionis
717 1075 770 1132 sub
782 1094 854 1147 pens.
866 1086 892 1130 c·
901 1075 1029 1146 ponenda
1038 1076 1066 1130 in
1077 1075 1208 1130 menibus
1217 1093 1345 1147 procum-

261 1167 353 1215 torum
366 1166 432 1218 ante
445 1164 505 1217 eius
521 1163 720 1218 admissionem
737 1164 859 1219 sufficiet
875 1163 900 1218 ei
918 1167 977 1217 tem
994 1161 1030 1216 nd
1046 1162 1243 1234 opponendum
1260 1181 1346 1234 quem

260 1244 297 1300 ed
310 1247 474 1303 intrandum
486 1249 516 1304 in
528 1267 608 1304 serore
619 1249 759 1320 theologia

187 1333 295 1389 Eadem
306 1336 396 1405 gratie
408 1336 570 1392 oonoeditur
581 1338 678 1392 eodem
691 1338 826 1409 magistro
838 1337 880 1392 W.
896 1338 982 1409 Paget
1015 1338 1171 1392 Presentati
1185 1336 1281 1392 eodem
1295 1355 1345 1408 per

258 1423 423 1492 magistrum
436 1423 579 1480 doctorem
591 1425 693 1480 Stokes
705 1426 822 1497 (peregn't
832 1426 928 1480 omniu
940 1429 1039 1498 morq.)

192 1582 365 1638 Conceditur
377 1580 423 1654 ijd⁰
434 1584 452 1639 J
454 1583 504 1638 ulii
517 1583 651 1653 magistro
663 1584 681 1639 J
683 1601 707 1639 o.
721 1583 837 1654 Bridges
849 1589 880 1637 vt
891 1582 1019 1638 studium
1031 1587 1153 1654 quatuor
1164 1600 1302 1638 annorum
1318 1583 1346 1636 in
1361 1573 1382 1632 f·
1400 1571 1438 1632 76
1450 1593 1467 1629 8

262 1670 401 1741 theologis
412 1675 562 1742 postquam
576 1672 677 1726 rexerit
690 1671 718 1726 in
732 1671 841 1727 artibus
853 1689 918 1726 oum
930 1671 1154 1742 oppositionibus
1163 1671 1347 1742 responsioni-

264 1757 318 1814 bus
330 1758 505 1814 sermonibus
517 1764 547 1814 et
558 1760 621 1814 eliis
633 1761 772 1814 exercitiis
787 1777 836 1830 per
852 1764 961 1814 statuta
979 1759 1064 1830 Regia
1080 1759 1224 1829 requisitis
1241 1759 1347 1829 pertici·

261 1845 341 1902 endis
353 1848 426 1901 infre
437 1864 543 1902 annum
556 1854 621 1919 poet
636 1849 697 1902 eius
712 1847 911 1902 admissionem
927 1847 981 1902 sub
998 1865 1070 1918 pene
1086 1846 1152 1918 viij¹¹
1169 1845 1298 1918 ponenda
1315 1847 1344 1901 in

263 1935 394 1990 manibus
418 1940 631 2006 procuratorum
654 1941 720 1990 ente
741 1937 801 1990 eius
822 1936 1021 1991 admissionem
1043 1935 1163 1990 sufficiat
1182 1934 1208 1988 ei
1229 1938 1289 1989 tem
1311 1933 1346 1989 ad

261 2022 458 2095 opponendum
477 2041 564 2094 quam
585 2023 621 2078 ad
643 2022 806 2078 intrandum
827 2023 856 2076 in
878 2039 957 2076 ssors
977 2021 1116 2092 theologis
1135 2022 1202 2092 quia
1221 2022 1348 2092 proxima

262 2111 377 2166 oomitie
392 2118 538 2182 expectere
553 2130 608 2166 non
628 2117 722 2184 potest
740 2111 846 2182 absque
863 2112 941 2181 gravi
959 2111 1129 2165 detrimento
1167 2111 1348 2166 Presentotus

264 2215 314 2268 per
325 2197 469 2253 doctorem
483 2199 570 2253 Perus
582 2198 679 2253 eodem
692 2199 811 2269 (peregit
823 2199 918 2252 omnis
930 2199 1029 2269 marg.)

192 2284 362 2340 Conseditur
374 2285 425 2356 vij⁰
441 2286 459 2341 J
461 2286 511 2340 ulii
526 2287 661 2356 magistro
677 2287 693 2341 J
696 2305 720 2341 ο.
740 2287 815 2340 Leno
832 2293 864 2340 vt
879 2285 1006 2340 studium
1023 2291 1144 2356 quatuor
1160 2303 1297 2340 annorum
1318 2287 1346 2339 in

263 2373 401 2444 theologia
413 2379 563 2446 postquem
576 2375 679 2430 rexerit
692 2376 720 2431 in
733 2375 843 2430 artibus
855 2393 919 2429 cum
930 2375 1154 2446 oppositionibus
1162 2375 1346 2444 responsioni·

265 2460 316 2516 bus
329 2463 504 2517 sermonibus
516 2469 545 2517 et
557 2463 620 2518 aliis
632 2463 771 2518 exercitiis
787 2480 837 2534 per
850 2467 960 2517 statute
979 2463 1065 2532 Regia
1081 2461 1225 2532 requisitis
1241 2463 1346 2532 perfiet-

262 2548 342 2603 endis
354 2549 427 2604 infra
438 2567 544 2604 annum
557 2556 621 2620 post
632 2551 693 2604 eius
704 2550 905 2605 admissionem
917 2548 971 2604 sub
983 2567 1055 2620 pene
1067 2548 1133 2620 viij¹¹
1150 2549 1279 2619 ponenda
1294 2556 1346 2604 etc.

263 2637 384 2692 sufficiet
396 2639 421 2691 ei
435 2643 493 2692 tam
506 2637 542 2692 ed
555 2638 752 2710 opponendum
765 2656 851 2709 quam
861 2638 897 2693 ad
907 2637 1071 2692 intrandum
1081 2639 1110 2692 in
1121 2656 1200 2692 soora
1209 2637 1348 2708 theologie

263 2725 303 2778 sio
315 2729 348 2778 vt
359 2726 489 2779 convivet
502 2726 531 2779 in
544 2727 677 2796 proximis
689 2727 811 2781 comitiis
849 2727 1029 2781 Presentotus
1041 2744 1091 2796 por
1102 2725 1246 2780 doctorem
1259 2726 1347 2780 Perne

264 2813 361 2867 eodem
374 2812 566 2884 (dispensetur
578 2833 626 2885 per
638 2815 722 2869 aliem
734 2816 854 2886 gratiam
866 2819 966 2888 rnarq.)

572 3131 728 3197 Doctores
751 3134 782 3198 in
809 3133 972 3220 theologia

192 3281 365 3338 Conseditur
389 3285 473 3338 tertio
498 3284 667 3339 Novembris
691 3287 825 3355 magistro
850 3286 900 3341 Ed.
929 3286 1061 3340 Hawiord
1085 3289 1299 3357 procanoeilerio
1319 3296 1349 3342 vt

266 3368 393 3424 studium
405 3371 432 3442 vj
446 3388 582 3425 annorum
596 3372 625 3425 in
643 3372 783 3442 theologie
797 3381 862 3444 post
878 3373 995 3444 gradum
1014 3373 1189 3428 bscheleurei
1206 3375 1234 3428 in
1252 3374 1348 3428 eadem

266 3463 428 3528 suseeptum
452 3477 517 3512 cum
538 3459 649 3514 duobus
670 3461 846 3514 sermonibus
869 3479 923 3515 vno
944 3461 979 3514 ud
1002 3461 1136 3531 populum
1157 3465 1186 3516 et
1205 3462 1293 3516 altero
1313 3462 1348 3516 sd

267 3563 378 3600 crucem
390 3545 448 3601 divi
463 3546 541 3600 Pauli
554 3548 676 3603 sufficiat
687 3549 713 3602 ei
727 3567 776 3618 pro
789 3541 935 3618 eompletis
948 3549 1037 3602 forms
1049 3555 1078 3603 et
1089 3549 1176 3618 gradu
1189 3549 1350 3604 doctoratus

266 3634 294 3688 in
304 3634 401 3688 eedem
411 3634 545 3689 facultate
581 3635 626 3689 Ite
635 3635 709 3705 quod
719 3641 830 3706 recepto
841 3637 999 3689 iuramento
1007 3637 1044 3690 sit
1053 3642 1118 3691 aotu
1128 3637 1225 3691 doctor
1233 3639 1349 3692 statutis

266 3729 317 3776 aut
338 3721 588 3776 eonsuetudiuibue
609 3722 691 3776 istius
713 3723 907 3777 vniuersitetie
925 3740 980 3778 non
1000 3723 1178 3778 obstantibus
1196 3727 1236 3779 sic
1255 3733 1349 3780 tomen

267 3808 342 3880 quod
351 3809 655 3865 mtisfseietoffioiariis
676 3809 826 3864 Admissus
835 3810 932 3865 eodem
958 3811 1139 3867 Presentntus
1150 3831 1200 3884 per
1208 3814 1350 3868 doctorem

269 3899 356 3952 Peme

193 3987 366 4044 Conceditur
382 3986 480 4058 xxviij⁰
498 3987 627 4041 Janusrii
643 3987 778 4057 magistro
794 3987 937 4042 Leonerdo
953 3987 1114 4059 Pylkynton
1129 3994 1161 4043 vt
1176 3989 1302 4044 studium
1319 3991 1349 4062 iij

165 4129 168 4136 ,
267 4093 405 4129 annorum
418 4075 447 4129 in
462 4075 602 4146 theologia
617 4079 683 4145 post
699 4074 817 4145 gradum
832 4073 1009 4130 bechelaurei
1026 4077 1056 4130 in
1073 4076 1170 4132 eedem
1188 4084 1350 4148 susceptum

267 4180 332 4216 oum
344 4161 568 4232 oppositionibus
582 4161 811 4233 responsionibus
828 4163 1005 4217 sermonibus
1021 4169 1050 4216 et
1066 4164 1130 4218 eliis
1147 4166 1286 4220 exercitiis
1302 4184 1351 4236 per

267 4257 377 4306 statute
386 4251 461 4321 regie
470 4252 614 4321 requisitis
623 4250 798 4321 perficiendis
808 4251 881 4304 infre.
893 4267 998 4304 anuum
1009 4257 1074 4321 post
1083 4251 1143 4306 eius
1153 4253 1350 4308 admissionem

268 4337 322 4392 sub
341 4355 413 4408 pens
430 4337 474 4408 vj¹¹
488 4338 617 4407 ponende
631 4338 659 4391 in
676 4337 807 4392 manibus
821 4343 1032 4408 procuratorum
1048 4345 1115 4396 ante
1131 4340 1192 4397 eius
1208 4341 1352 4396 admissio-

276 4468 302 4509 ι.
319 4467 358 4512 rv.
1233 4457 1269 4514 12
