3422 5116
781 349 895 398 onnon
916 349 1010 399 eoou
1032 350 1056 398 Δ
1338 334 1505 420 [leet-49

417 527 468 581 pro
480 511 627 582 completis
643 511 731 582 gradu
746 517 776 566 et
794 512 885 567 forma
898 511 1050 582 magisterii
1062 512 1092 567 in
1104 511 1214 567 artibus
1225 517 1255 566 et
1267 519 1299 567 vt
1315 512 1398 567 hodie
1409 513 1433 567 si
1446 513 1506 568 fieri

417 603 512 670 potest
524 599 648 668 alioquin
663 598 699 653 ad
716 598 852 669 placitum
868 599 1038 654 admittatur
1050 600 1111 655 side
1123 600 1179 656 vlla
1195 601 1393 670 magistrorum
1411 601 1506 656 visita

417 686 493 739 tione
519 683 593 739 Nam
609 684 718 739 diutius
733 685 807 740 hunc
818 684 936 755 gradum
953 686 1014 740 sine
1025 703 1127 756 magno
1139 704 1190 741 suo
1202 686 1349 758 dispendio
1360 692 1506 759 expectare

417 793 473 829 non
485 779 579 845 potest
589 779 621 828 vt
633 775 681 845 qui
694 775 734 828 illi
747 774 800 830 boc
812 781 938 845 tempore
949 775 1113 847 ampliorem
1125 776 1184 831 vita
1195 775 1385 832 conditionem
1397 775 1506 834 adferre

416 869 510 935 potest
528 881 613 935 quem
631 865 691 918 sine
714 881 748 918 eo
771 865 883 934 assequi
901 881 958 918 non
976 869 1071 935 potest
1091 863 1157 937 [sic]
1194 864 1240 919 Ita
1257 870 1288 920 vt
1305 865 1367 919 eius
1384 865 1506 920 eruditio

416 954 496 1024 prius
504 954 681 1008 examinetur
689 957 719 1008 et
727 953 899 1026 approbetur
911 971 960 1025 per
973 954 1122 1025 magistros
1136 953 1313 1026 Pylkyngton
1326 955 1464 1010 seniorem
1476 959 1519 1024 et·

417 1042 502 1097 Carra
533 1048 562 1098 at
574 1046 705 1098 teneatur
716 1049 844 1114 preterea
858 1044 992 1115 proximis
1004 1044 1156 1100 commitiis
1169 1044 1318 1099 conviuare
1329 1061 1393 1098 cum
1406 1043 1507 1098 ceteris

416 1148 477 1186 erus
489 1147 556 1186 anm

285 1257 286 1260 η
347 1218 421 1274 Item
434 1218 596 1274 conceditur
608 1219 721 1275 domino
738 1220 887 1276 Edwardes
899 1227 931 1275 vt
944 1225 961 1276 9
973 1222 1086 1277 termini
1099 1227 1164 1293 post
1176 1222 1288 1277 finalem
1301 1221 1362 1276 eius
1373 1221 1504 1276 determi-

417 1306 559 1361 nationem
584 1307 737 1379 inquibus
758 1309 891 1363 lectiones
912 1309 1066 1364 ordinaries
1087 1308 1199 1364 audiuit
1222 1309 1288 1364 licet
1312 1326 1368 1363 non
1390 1311 1506 1364 ommno

417 1394 570 1450 secundum
587 1396 707 1451 sormam
723 1397 902 1451 statuticum
918 1397 1011 1452 tribus
1027 1397 1254 1469 responsionibus
1269 1397 1411 1452 sufficiant
1425 1397 1451 1450 ei
1467 1396 1503 1451 ad

417 1483 607 1554 incipiendum
620 1484 649 1538 in
662 1483 771 1539 artibus

347 1570 453 1626 Eadem
476 1573 567 1642 gratia
586 1572 623 1626 de
646 1572 730 1627 verbo
755 1575 784 1628 in
809 1573 926 1629 verbum
948 1574 1109 1630 conceditur
1130 1575 1252 1630 dominis
1276 1573 1372 1646 Rabye
1398 1574 1504 1644 Morley

416 1660 564 1716 Cookrofte
582 1667 612 1716 et
630 1661 751 1717 Betman

348 1749 422 1804 Item
434 1749 596 1806 conceditur
607 1751 721 1806 domino
734 1751 884 1823 Berwycke
896 1755 928 1806 vt
941 1756 958 1807 9
970 1752 1083 1807 termini
1096 1757 1161 1823 post
1176 1750 1286 1806 finalem
1299 1750 1360 1804 eius
1372 1749 1502 1804 determi-

418 1838 561 1892 nationem
583 1838 611 1892 iu
630 1838 734 1910 quibus
751 1839 884 1895 lectiones
902 1838 1080 1913 orsdiJnarias
1097 1839 1209 1894 audiuit
1230 1838 1295 1894 licet
1314 1856 1370 1893 non
1390 1838 1505 1892 omnino

418 1925 572 1980 secundum
599 1926 719 1982 formam
746 1927 848 1982 statuti
876 1944 942 1982 cum
965 1926 1075 1982 duabus
1101 1925 1352 1981 declamationibus
1385 1925 1505 1996 publicis

417 2013 550 2083 quoniam
568 2016 683 2085 propter
699 2015 933 2087 impedimentum
949 2014 1064 2069 auditis
1080 2013 1246 2085 respondere
1260 2031 1317 2069 non
1337 2013 1432 2086 potuit
1447 2013 1504 2068 sui-

417 2101 494 2155 ficiat
511 2103 537 2156 ei
555 2101 591 2157 ad
609 2102 800 2174 incipiendum
818 2103 848 2157 In
866 2100 975 2157 artibm

347 2187 421 2242 Item
435 2188 597 2244 conceditur
613 2189 727 2245 domino
742 2190 870 2245 Jhonson
887 2194 919 2244 vt
934 2206 983 2243 sex
1000 2189 1113 2242 termini
1130 2193 1195 2259 post
1209 2188 1320 2244 finalem
1339 2189 1399 2244 eius
1413 2190 1503 2245 deter-

417 2276 600 2332 minationem
618 2277 648 2332 in
666 2277 770 2348 quibua
788 2278 921 2333 lectiones
937 2277 1091 2331 ordinarias
1107 2277 1219 2331 audiuit
1234 2276 1301 2331 licet
1314 2293 1371 2330 non
1388 2277 1502 2332 omnino

416 2364 570 2420 secundum
588 2366 706 2421 sormam
724 2367 826 2420 statuti
847 2383 897 2437 per
915 2365 1048 2420 maiorem
1066 2371 1176 2436 partem
1194 2365 1224 2419 iu
1245 2370 1307 2421 toto
1325 2382 1389 2420 cum
1411 2365 1502 2420 tribus

416 2452 643 2523 responsionibus
661 2452 802 2508 sufficiant
819 2453 845 2506 ei
863 2452 899 2506 ad
918 2451 1107 2523 incipiendum
1126 2451 1282 2506 inertibus

346 2540 452 2595 Eadem
469 2541 560 2610 gratia
577 2540 738 2596 conceditur
755 2540 869 2595 domino
888 2539 993 2611 Baylyc
1010 2539 1147 2594 verbatim

347 2628 420 2682 Item
433 2628 595 2683 conceditur
605 2628 720 2682 dominc
733 2627 843 2682 Horton
856 2633 888 2682 rt
900 2645 1000 2682 novem
1013 2627 1125 2682 termini
1139 2632 1204 2698 post
1217 2627 1327 2682 finalem
1340 2629 1401 2683 eius
1411 2628 1501 2684 deter-

416 2718 599 2771 minationem
618 2715 765 2787 inquibus
782 2714 916 2770 lectiones
932 2715 1087 2772 ordinaries
1102 2717 1214 2772 audiuit
1232 2716 1297 2771 licet
1315 2733 1370 2771 non
1387 2719 1502 2772 omnino

415 2803 568 2858 secundum
581 2805 700 2861 formam
713 2803 815 2858 statuti
830 2820 895 2857 cum
907 2802 1016 2858 duabus
1028 2803 1257 2875 responsionibus
1269 2805 1402 2874 quoniam
1418 2806 1503 2860 tertia

415 2911 465 2964 per
483 2911 555 2948 nova
572 2897 682 2948 statuta
699 2893 806 2963 acquiri
825 2909 881 2946 non
900 2898 993 2962 potest
1009 2893 1151 2948 sufficiant
1168 2894 1194 2948 ei
1210 2893 1247 2948 ad
1265 2895 1455 2966 incipiendum
1472 2896 1501 2949 in

415 2978 524 3034 artibus
990 3006 993 3011 ·

345 3068 419 3122 Item
431 3068 593 3123 conceditur
603 3067 717 3123 domino
731 3067 855 3122 Mahene
868 3072 899 3121 vt
911 3085 959 3122 sex
972 3069 1085 3123 termini
1100 3074 1164 3139 post
1178 3069 1288 3124 finalem
1298 3069 1358 3123 eius
1370 3069 1499 3126 determi-

414 3155 558 3210 nationem
579 3156 609 3210 in
631 3153 734 3225 quibus
755 3154 888 3208 lectiones
909 3154 1063 3209 ordinarias
1084 3154 1196 3210 audiuit
1218 3156 1284 3211 iicet
1308 3172 1365 3210 non
1387 3157 1501 3211 omnino

414 3241 567 3297 secundum
583 3243 703 3297 sormam
719 3243 820 3297 statuti
837 3260 901 3297 cum
918 3243 1011 3298 tribus
1027 3243 1254 3314 responsionibus
1270 3244 1412 3299 mrfficiant
1423 3244 1449 3299 ei
1463 3243 1500 3298 ad

415 3329 604 3402 incipiendum
618 3330 646 3384 in
659 3330 768 3385 artibus
1342 3387 1343 3392 ,

344 3419 449 3475 Eadem
465 3421 556 3490 gratia
568 3418 603 3473 de
615 3419 699 3474 verbo
717 3419 747 3474 in
759 3418 875 3475 verbum
892 3420 1055 3476 conceditur
1069 3419 1190 3475 dominis
1209 3419 1457 3491 Pilkyngtonidle
1471 3424 1502 3474 et

414 3509 506 3581 Graye
517 3508 552 3563 de
564 3507 649 3564 verbo
661 3510 691 3563 in
703 3510 820 3564 verbum
971 3497 979 3526 ³

344 3597 418 3652 Item
437 3596 600 3652 conceditur
617 3596 732 3650 domiuo
752 3597 882 3668 Haryscn
901 3602 934 3652 vt
954 3601 972 3652 9
992 3597 1106 3652 termini
1125 3613 1189 3650 cum
1207 3596 1329 3651 termino
1347 3597 1376 3651 in
1394 3614 1451 3667 quo
1469 3597 1498 3651 in

413 3684 517 3755 quibus
528 3685 661 3740 lectiones
671 3684 825 3740 ordinarias
835 3685 945 3740 audiuit
953 3683 1019 3739 licet
1028 3701 1084 3737 non
1094 3683 1209 3737 omniuo
1217 3682 1370 3736 secundum
1380 3681 1499 3737 formam

412 3774 515 3827 statuti
535 3790 599 3828 cum
624 3772 716 3828 tribus
737 3772 965 3844 responsionibus
986 3772 1128 3826 sufficiant
1145 3771 1172 3826 ei
1192 3770 1228 3825 ad
1254 3771 1444 3842 incipiendum
1469 3773 1498 3825 in

413 3860 522 3916 artibus

343 3948 416 4002 Item
434 3947 596 4002 conceditur
613 3946 726 4001 domino
744 3947 821 4002 Seite
840 3951 871 4002 vt
888 3964 937 4001 sex
953 3947 1066 4002 termini
1084 3953 1148 4017 post
1165 3945 1276 4001 finalem
1292 3947 1353 4001 eius
1369 3946 1500 4002 determi-

412 4036 555 4090 nationem
576 4037 607 4090 iu
631 4035 735 4107 quibus
753 4035 886 4089 lectiones
909 4034 1064 4090 ordinariae
1085 4035 1197 4090 audiuit
1221 4035 1287 4091 licet
1308 4053 1363 4089 non
1385 4037 1500 4108 omnino

412 4122 566 4180 secundum
582 4123 701 4177 formam
717 4123 820 4178 statuti
834 4140 898 4178 cum
915 4123 1007 4178 tribus
1023 4123 1249 4195 responsionibus
1266 4124 1408 4179 sufficiant
1421 4125 1447 4178 ei
1463 4123 1499 4178 ad

412 4211 602 4284 incipiendum
615 4212 644 4264 in
658 4210 767 4266 artibus

342 4300 447 4356 Eadem
470 4301 561 4370 gratia
581 4299 617 4354 de
638 4300 722 4354 verbo
746 4299 775 4353 in
798 4299 913 4355 verbum
938 4300 1100 4356 conceditur
1122 4301 1245 4356 dominis
1270 4301 1365 4356 Reven
1391 4301 1446 4356 Bes
1470 4304 1500 4355 et

413 4387 529 4461 Squyrs.
