3422 5116
746 339 860 388 aaron
882 339 975 388 soor
999 340 1020 388 a
1301 318 1464 408 [1546-47

382 491 574 564 ponendorum
598 491 628 546 in
653 490 783 546 manibus
807 495 1019 562 procuratorum
1043 495 1196 561 antequam
1220 488 1389 544 admittatur
1409 487 1466 542 sul-

382 578 458 633 ficiat
472 578 498 632 ei
514 577 550 632 ad
567 577 757 648 incipiendum
775 577 805 631 in
821 577 960 647 theologia
997 576 1043 630 Ita
1055 581 1087 631 vt
1100 575 1270 631 admittatur
1280 573 1317 630 ad
1331 574 1466 645 placitum

382 665 453 722 citra
470 666 574 721 festum
595 665 740 720 Michaelis
753 669 783 720 et
799 665 860 720 eius
877 664 1011 720 admissio
1029 669 1087 720 stet
1104 664 1130 720 ei
1148 682 1199 736 pro
1215 663 1361 736 completis
1378 661 1465 733 gradu

381 760 411 809 et
429 755 518 809 forma
565 754 612 809 Sic
630 760 662 808 vt
679 754 771 810 solvat
789 755 964 809 universitati
983 753 1030 826 iij¹¹
1049 753 1087 824 vj·
1108 752 1179 824 viijd
1200 758 1230 808 et
1250 752 1380 807 conviuet
1400 766 1465 805 cum

288 875 291 884 ·
382 843 467 898 huius
484 844 551 898 anni
570 842 839 899 commessatoribus

194 1273 214 1332 f.
235 1274 300 1331 lab

609 1271 722 1339 Gratis
747 1272 834 1338 varie
861 1281 895 1338 et
917 1271 1176 1359 dispensaciones

314 1454 348 1508 In
364 1454 463 1526 primis
480 1453 643 1510 conceditur
658 1459 690 1510 vt
705 1456 902 1511 determinatio
917 1455 954 1511 sd
969 1473 1055 1526 quam
1074 1460 1186 1511 tenetur
1204 1455 1302 1511 doctor
1316 1453 1467 1524 Atkynson

383 1541 491 1598 ratione
505 1543 609 1614 gradus
626 1544 788 1599 doctoratus
805 1543 836 1598 in
851 1543 991 1614 theologia
1008 1546 1131 1615 suscepti
1148 1545 1253 1599 mutari
1270 1544 1359 1616 possit
1377 1541 1421 1597 vel
1436 1541 1466 1595 in

383 1629 604 1701 disputationem
624 1629 808 1700 theologicam
829 1628 873 1683 vel
894 1629 923 1683 in
943 1629 1104 1684 concionem
1124 1629 1162 1685 ad
1182 1630 1287 1685 clerum
1307 1627 1468 1683 habendum

386 1716 449 1792 [sic]
468 1725 535 1774 ante
552 1719 657 1774 festum
677 1717 782 1773 Pesche
799 1717 959 1789 proximum
1127 1745 1130 1752 ·

314 1805 388 1861 Item
400 1806 563 1862 conceditur
580 1810 612 1862 vt
624 1807 758 1878 magister
770 1805 862 1860 Huett
873 1805 964 1877 possit
976 1803 1079 1861 habere
1090 1805 1187 1860 literas
1199 1803 1422 1860 conuersacionis
1438 1808 1469 1858 et

383 1895 486 1966 mediis
504 1895 641 1967 sigillatas
658 1895 750 1966 sigillo
767 1899 861 1949 vestro
878 1894 1021 1948 communi

315 1983 420 2039 Eadem
443 1985 534 2055 gratia
557 1984 591 2040 de
616 1983 700 2039 verbo
725 1983 754 2038 in
780 1982 896 2038 verbum
921 1983 1082 2039 conceditur
1106 1983 1248 2055 magistris
1269 1983 1410 2038 Assbeton
1434 1981 1469 2037 de

384 2071 500 2144 collegio
519 2073 594 2127 Petri
613 2076 643 2126 ot
661 2071 812 2142 Hodgeeon
829 2070 865 2126 de
883 2070 997 2142 collegio
1015 2071 1141 2143 Reginali

315 2161 389 2216 Item
401 2159 596 2232 dispensatum
612 2165 656 2214 est
667 2177 732 2214 cum
745 2159 899 2214 variatione
910 2158 947 2214 ad
959 2178 1046 2230 quem
1062 2165 1175 2217 tenetur
1189 2161 1323 2232 magister
1340 2159 1469 2232 Vyncent

383 2249 518 2320 quoniam
538 2248 674 2320 superiori
695 2248 816 2303 termino
836 2255 951 2320 propter
971 2249 1192 2321 disputationem
1211 2267 1298 2320 quam
1318 2247 1420 2304 babuit
1440 2247 1469 2302 in

384 2337 498 2408 propria
508 2354 627 2408 persona
639 2336 784 2392 commode
795 2336 903 2392 variare
916 2354 972 2392 non
985 2338 1079 2409 potuit
1112 2337 1271 2392 variaturus
1284 2337 1336 2391 hoo
1349 2335 1471 2391 termino

385 2423 439 2478 nisi
458 2422 534 2494 quod
551 2422 759 2494 disputacionee
780 2422 969 2494 philosophice
988 2430 1102 2496 propter
1122 2423 1334 2479 dissolutionum
1356 2420 1470 2477 termini

387 2511 649 2567 intermittebantur

317 2600 390 2655 Item
405 2617 577 2655 concessum
602 2603 646 2655 est
667 2605 699 2655 vt
723 2599 847 2655 loannes
868 2599 986 2672 Smytbe
1011 2599 1049 2654 sit
1076 2599 1205 2654 minister
1226 2603 1319 2655 vester
1338 2599 1368 2652 in
1392 2615 1469 2652 scru-

386 2687 480 2743 tandis
497 2693 527 2744 et
544 2687 713 2760 gawgiaudis
731 2689 806 2743 vasis
825 2689 854 2743 in
873 2687 1007 2743 nundinis
1028 2687 1272 2760 Stirbrigiensibus
1290 2693 1320 2743 et
1338 2686 1470 2742 omnibus

386 2774 564 2830 libertatibus
592 2774 785 2829 vniuersitatis
813 2791 846 2829 ea
874 2775 933 2845 lege
962 2777 992 2830 et
1018 2774 1178 2830 condicione
1204 2774 1308 2846 quibus
1334 2793 1400 2830 vaus
1426 2781 1471 2830 est

385 2863 519 2934 magister
538 2862 628 2934 Lacye
646 2879 735 2933 nuper
752 2861 902 2917 defunctus

318 2951 391 3006 Item
407 2949 569 3006 conceditur
585 2955 618 3004 vt
629 2948 786 3020 disputatio
801 2948 994 3021 philosophica
1009 2965 1065 3020 que
1081 2949 1211 3005 hesterno
1223 2949 1269 3005 die
1285 2950 1472 3006 celebraretur

385 3043 523 3109 tauquam
546 3036 735 3109 percelebrata
761 3036 900 3092 habeatur
922 3037 1057 3108 quoniam
1086 3041 1197 3093 statuta
1220 3037 1319 3094 iubent
1342 3056 1378 3094 ne
1401 3039 1470 3110 quid

385 3126 467 3182 cedat
484 3127 514 3182 in
532 3126 735 3182 detrimentum
754 3125 924 3182 bedellorum

317 3213 391 3268 Item
403 3212 565 3268 conceditur
576 3217 609 3266 vt
624 3212 762 3268 terminus
778 3212 860 3267 bodie
871 3210 986 3267 dissolvi
1003 3212 1093 3284 possit
1106 3228 1193 3284 vsquo
1204 3212 1242 3268 ad
1253 3213 1358 3268 festum
1371 3213 1470 3268 Pente-

386 3301 476 3353 costes
522 3299 568 3354 lts
583 3303 679 3354 tamen
694 3302 727 3353 vt
742 3297 949 3370 disputaciones
965 3297 1155 3370 philosophice
1174 3300 1287 3355 iuterim
1303 3299 1392 3355 flenda
1408 3305 1470 3354 tan-

386 3404 472 3457 quam
484 3387 558 3442 iacte
568 3396 736 3442 censeantur
750 3392 810 3441 tam
824 3404 881 3458 quo
894 3386 931 3441 ad
945 3387 1094 3458 magistros
1105 3386 1299 3458 disputaturos
1313 3393 1343 3444 et
1355 3387 1470 3442 baecha-

386 3473 495 3528 laureos
515 3489 696 3544 responsmos
717 3489 802 3544 quam
827 3471 940 3543 quoad
965 3471 1085 3528 bedellos
1129 3473 1168 3528 Et
1189 3479 1221 3530 vt
1244 3475 1471 3546 congregaciones

386 3559 570 3616 admissiones
582 3559 790 3632 disputaciones
802 3565 831 3616 et
846 3560 1097 3616 determinaciones
1113 3561 1266 3634 theologice
1278 3563 1386 3618 inlares
1402 3564 1472 3634 liant

388 3649 503 3721 perinde
514 3667 546 3704 ac
558 3649 583 3704 si
596 3649 734 3704 terminus
746 3667 802 3705 non
814 3648 1014 3704 dissolueretur

319 3738 392 3792 Item
415 3737 554 3792 consimili
577 3737 668 3792 forma
690 3735 855 3792 dissoluitur
879 3737 1017 3792 lanuinus
1040 3754 1058 3792 a
1082 3735 1207 3809 predicto
1232 3739 1303 3794 festo
1325 3757 1411 3812 usque
1435 3737 1472 3795 ad

388 3827 493 3881 festum
510 3826 628 3881 loannis
647 3825 775 3898 Baptista
793 3830 823 3880 et
839 3825 943 3880 abbino
961 3843 1049 3896 vsque
1065 3825 1102 3882 ad
1120 3827 1264 3882 commitis

320 3913 394 3970 ltem
414 3913 576 3969 conceditur
594 3916 626 3967 vt
647 3913 790 3969 commitis
814 3919 829 3971 7
847 3911 907 3968 dies
925 3914 999 3968 vltra
1019 3913 1135 3969 solitum
1156 3918 1269 3986 tempus
1288 3923 1473 3988 prorogantur

389 4003 522 4073 quoniam
543 4002 578 4059 de
596 4003 751 4058 autoritate
771 4008 800 4057 et
819 4002 934 4057 licentia
952 4019 1046 4057 eorum
1066 4001 1294 4058 celebrandorum
1311 4008 1378 4059 ante
1397 4004 1473 4060 huno

389 4089 464 4146 diem
480 4108 580 4163 parum
599 4092 764 4148 constiterat
782 4091 835 4166 [et]
852 4091 949 4164 quiin
967 4091 1023 4147 illia
1040 4109 1139 4146 causas
1156 4091 1335 4162 gravissirnes
1353 4097 1473 4149 tractare

388 4176 495 4234 debent
506 4179 642 4234 hactenus
655 4197 711 4234 non
723 4184 791 4234 sunt
802 4179 951 4234 constituti

321 4267 394 4322 Item
412 4266 573 4322 conceditur
590 4271 622 4322 vt
641 4283 742 4339 proper
762 4271 936 4338 grassantem
954 4272 1063 4338 pestem
1081 4270 1111 4320 et
1128 4264 1284 4320 absentiam
1304 4265 1472 4324 scholarium

389 4355 472 4410 lectio
490 4354 690 4412 mathematica
706 4356 858 4412 intermitti
876 4355 966 4428 possit
984 4373 1072 4429 vsqus
1089 4353 1125 4410 ad
1142 4355 1247 4412 festum
1265 4355 1385 4412 Dionisii
