3408 5116
361 355 424 421 342
794 369 907 420 casca
930 368 1022 420 noos
1046 372 1073 418 s·
1350 353 1523 440 [1580-81

360 528 465 583 Eadem
490 527 580 598 gratie
604 528 766 584 conceditur
789 532 824 585 29
844 527 975 584 Octobris
995 527 1131 598 magistro
1151 528 1199 582 W⁰
1219 527 1312 583 Grufit
1365 530 1395 582 ll
1420 526 1524 582 Martii

431 617 564 686 magistro
582 616 625 672 Jo.
646 616 729 672 Hunt
783 621 817 671 23
835 617 915 672 Junii
934 617 1069 688 magistro
1087 615 1188 686 Egidio
1208 616 1337 672 Fletcher

360 703 529 760 Conceditur
542 705 576 758 23
587 703 605 758 J
607 703 668 758 unii
680 703 815 774 magistro
827 703 911 760 Amb.
925 704 1013 759 Forth
1026 709 1058 760 vt
1070 704 1198 759 studium
1212 709 1246 760 10
1257 721 1395 760 annorum
1411 704 1440 758 in
1458 705 1524 759 iure

429 793 503 847 civili
519 797 670 863 postquam
684 792 787 848 rexerit
803 793 833 848 in
850 792 961 848 artibus
974 811 1039 848 cum
1056 811 1113 848 vna
1126 793 1306 865 responsione
1320 798 1350 848 et
1364 811 1421 848 vna
1432 811 1522 864 oppc

430 880 532 936 sitione
544 881 666 936 sufficiat
678 881 704 935 ai
716 880 752 935 ad
765 881 931 937 intrandum
943 881 973 936 in
986 882 1082 937 eodem
1095 881 1156 937 iure

360 969 530 1025 Conceditur
546 975 580 1025 26
596 970 664 1025 Maii
677 974 710 1025 vt
724 970 894 1026 Godefridus
911 971 1067 1026 Frensseus
1083 971 1122 1026 sit
1137 971 1184 1025 hic
1199 970 1275 1041 apud
1290 987 1339 1024 voe
1355 971 1385 1024 in
1401 970 1520 1024 eiisdem

430 1057 528 1114 ordine
539 1075 614 1114 enno
625 1063 655 1113 et
666 1058 754 1130 gradu
767 1058 871 1130 quibus
883 1062 927 1114 est
939 1059 968 1114 in
981 1059 1125 1116 academia
1137 1059 1285 1114 Dovacena

196 1149 346 1214 rideprcxi-
360 1145 530 1202 Conceditur
554 1150 588 1204 27
610 1147 679 1202 Maii
701 1147 852 1203 Godeirido
876 1148 1031 1204 Fransseus
1052 1154 1083 1203 vt
1107 1148 1234 1203 studium
1256 1151 1271 1205 7
1293 1165 1431 1202 annorum
1452 1153 1521 1218 poet

196 1229 288 1330 ffim
430 1234 547 1304 gradum
566 1233 760 1290 bacchalaurei
777 1236 808 1291 in
826 1235 970 1292 academia
982 1237 1132 1291 Dovacena
1148 1237 1177 1290 in
1195 1237 1255 1291 iure
1267 1235 1342 1290 civili
1354 1253 1418 1290 oum
1432 1253 1519 1306 oppo-

196 1359 308 1407 „qum
430 1322 583 1378 sicionibus
613 1323 842 1395 responsionibus
871 1327 1027 1398 ceterisque
1057 1326 1198 1380 exercitiis
1227 1342 1276 1396 per
1306 1328 1416 1379 statute
1442 1325 1520 1395 regia

196 1410 299 1539 2331ss
431 1410 575 1481 requisitis
593 1411 715 1466 sufficiat
732 1413 758 1467 ai
777 1412 813 1467 cd
832 1412 1023 1484 incipiendum
1041 1411 1071 1468 in
1089 1412 1187 1468 eodem
1205 1414 1265 1468 iure

230 1546 265 1594 χο

720 1889 808 1954 Ordo
830 1889 1030 1955 senioritatis
1051 1913 1153 1977 many.

535 2070 568 2126 D.
582 2070 677 2126 Grufit
858 2071 892 2128 D.
906 2071 994 2126 Forth
1172 2073 1207 2130 D.
1221 2073 1303 2128 Hunt

534 2159 569 2213 D.
582 2158 707 2230 Sutclyff
856 2159 889 2215 D.
905 2159 1036 2214 Fletcher
1171 2161 1205 2216 D.
1219 2161 1358 2216 Franseus

699 2599 930 2666 Bacchaleurei
953 2600 985 2665 in
1010 2601 1174 2685 theologie

357 2785 527 2844 Conceditur
544 2791 578 2843 10
589 2787 697 2858 Aprilis
715 2788 849 2858 magistro
865 2787 882 2842 J
885 2789 986 2842 eremie
1005 2787 1136 2859 Radclyff
1148 2793 1181 2843 vt
1197 2789 1323 2844 studium
1341 2793 1357 2848 7
1373 2809 1514 2847 annorum

427 2877 456 2930 in
475 2893 554 2930 sacra
574 2875 712 2946 theologia
733 2879 884 2946 postquem
902 2875 1004 2930 rexerit
1025 2875 1055 2929 in
1074 2875 1184 2931 artibus
1203 2895 1268 2932 cum
1287 2878 1515 2949 opposicicnibus

374 3021 376 3025 ,
427 2962 654 3035 responsionibus
678 2960 855 3017 sermonibus
879 2965 908 3016 et
929 2961 994 3016 aliis
1015 2963 1155 3018 exercitiis
1175 2981 1225 3036 per
1245 2970 1355 3020 statute
1375 2968 1450 3037 regia
1471 2985 1514 3022 re·

427 3050 540 3121 quisitis
563 3050 685 3105 sufficiet
708 3051 734 3104 ei
759 3054 819 3104 tam
843 3048 878 3103 ad
904 3049 1102 3121 opponendum
1123 3068 1209 3121 quam
1234 3052 1270 3108 ad
1293 3053 1457 3109 intrandum
1483 3056 1512 3110 in

427 3157 506 3194 sacra
523 3139 664 3209 theologie
1099 3171 1100 3176 κ

357 3227 462 3282 Eadem
486 3227 577 3298 gretia
600 3226 762 3281 conceditur
785 3225 882 3281 eodem
907 3225 1043 3296 magistro
1067 3227 1208 3283 Everardo
1233 3227 1341 3301 Digbye
1390 3235 1423 3285 la
1444 3231 1514 3288 Maii

427 3315 562 3385 magistro
587 3315 714 3370 Gilberto
739 3314 889 3368 Bachowse
939 3317 972 3367 1³
994 3313 1061 3368 Maii
1088 3316 1223 3385 magistro
1246 3317 1325 3372 Alex.
1348 3317 1515 3375 Sowthacke

427 3406 462 3457 26
487 3402 555 3456 Maii
580 3402 714 3472 magistro
739 3400 871 3456 Christos.
898 3399 1033 3472 Bembrig
1081 3405 1114 3459 27
1138 3403 1206 3458 Maii
1232 3405 1366 3475 magistro
1391 3406 1515 3464 Robcrto

427 3489 551 3545 Bendish
575 3497 604 3545 et
628 3492 762 3561 magistro
787 3490 863 3545 Alex.
888 3490 1004 3545 Mescall
1027 3497 1057 3546 et
1080 3496 1113 3546 12
1134 3491 1215 3546 Junii
1239 3493 1373 3563 magistro
1397 3495 1515 3566 Hugoni

427 3577 588 3632 Brannham

715 4042 802 4107 Ordo
826 4043 1025 4110 senioritatis
1047 4070 1149 4132 maru.

496 4232 537 4287 ΜΙ
550 4230 666 4286 Mascall
807 4229 848 4284 M*
861 4231 1041 4287 Brannahem
1193 4237 1234 4292 ΜΓ
1246 4238 1379 4310 Bambrig

495 4323 536 4377 ΜΙ
549 4321 712 4376 Backhouse
807 4320 848 4373 Mr
861 4320 987 4391 Ratclyff
1194 4327 1235 4380 Mr
1248 4327 1347 4398 Digbie

495 4411 536 4464 ΜΙ
548 4408 671 4463 Bendish
805 4407 1017 4464 M=Southaoke
