3398 5122
772 365 884 412 ceron
907 365 999 413 soor<
1023 364 1044 412 Δ
1327 348 1493 435 [1586-87

469 703 590 767 Gratiae
612 704 679 769 siue
703 703 881 789 peticiones
906 725 971 768 non
993 713 1224 770 concernentes
1246 703 1364 791 gradus

338 893 507 948 Conceditur
528 899 561 949 10
578 895 706 951 Octobris
725 916 789 952 cum
809 899 942 968 magister
960 898 1104 953 Arthurus
1123 897 1302 953 Hildersham
1321 897 1494 968 gravioribus

408 984 528 1052 negociis
549 984 704 1055 impeditus
724 985 870 1041 dialectica
891 987 997 1042 lecture
1018 987 1070 1041 hoc
1089 1005 1163 1041 anno
1184 986 1297 1057 legende
1318 1005 1416 1041 vacare
1437 1004 1492 1041 nou

408 1073 497 1142 possit
510 1072 600 1143 placet
613 1074 691 1129 vobis
704 1079 736 1129 vt
749 1076 881 1146 magister
892 1076 1015 1130 Thomas
1028 1075 1117 1131 Mudd
1129 1093 1191 1130 eam
1203 1076 1278 1147 legat
1289 1075 1350 1131 eius
1363 1076 1422 1130 vice

338 1158 509 1214 Conceditur
521 1165 537 1214 8
551 1161 618 1216 Maii
637 1168 668 1216 vt
683 1163 816 1233 magister
833 1163 944 1236 Rowley
959 1164 1090 1236 suppleat
1104 1164 1178 1219 vices
1195 1164 1321 1234 magistri
1334 1165 1447 1235 Brigges
1463 1165 1493 1220 in

408 1247 515 1302 lectura
528 1248 728 1303 mathematica

815 1569 1017 1654 Incorporati

339 1763 367 1812 5⁰
384 1757 455 1814 Julii
474 1760 605 1829 magister
623 1759 746 1813 Thomas
765 1758 871 1813 Martia
890 1757 919 1810 in
941 1755 1085 1811 academia
1106 1757 1260 1812 Oxoniensi
1283 1759 1312 1814 in
1333 1759 1397 1830 jure
1418 1759 1493 1815 civili

407 1846 505 1902 doctor
521 1847 684 1902 admittitur
700 1852 732 1902 vt
748 1847 786 1901 sit
803 1846 849 1901 hic
866 1847 896 1901 in
912 1843 1018 1900 eisdem
1035 1845 1123 1916 gradu
1141 1845 1238 1902 ordine
1254 1853 1285 1903 11
1300 1865 1375 1903 anno
1390 1848 1494 1920 quibus

408 1935 464 1990 luit
475 1935 505 1989 in
517 1935 594 1989 dicta
605 1934 748 1990 academia
761 1933 912 1990 Oxoniensi

338 2022 444 2077 Eadem
456 2023 547 2093 gratia
558 2022 720 2077 conceditur
735 2026 767 2076 19
781 2022 850 2077 Maii
868 2021 1002 2091 magistro
1020 2020 1143 2077 Henrico
1161 2023 1305 2079 Wbithers
1321 2041 1399 2079 sacre
1416 2025 1492 2079 theo·

409 2111 480 2181 logie
497 2109 694 2166 bacchalaureo
731 2115 746 2163 5
764 2110 834 2166 Julii
850 2108 956 2164 Jacobc
976 2108 1080 2164 Perker
1096 2109 1139 2166 Jo.
1159 2111 1281 2167 Braxton
1300 2112 1368 2168 Rob.
1387 2114 1494 2168 Bumet

409 2201 438 2254 in
451 2199 645 2255 Aberdnnenei
660 2200 844 2256 academiam
857 2196 967 2252 artibus
983 2197 1126 2268 magistris
1161 2199 1258 2254 eodem
1270 2200 1340 2255 Tho.
1357 2201 1494 2256 Dunskan

410 2288 467 2344 llic
482 2289 600 2344 Sandies
617 2289 675 2346 sic.
690 2291 797 2345 Mercer
809 2288 877 2343 Tho.
892 2285 1051 2341 Wenubam
1063 2287 1111 2342 W⁰
1123 2289 1189 2343 Stor
1227 2289 1259 2345 17
1269 2288 1349 2344 Junii
1361 2291 1495 2360 magistro

409 2377 478 2433 Rob.
492 2378 621 2449 Thorney
635 2376 788 2432 inertibus
800 2378 934 2448 magistro

324 2471 325 2474 ’
339 2465 509 2520 Conceditur
521 2469 555 2520 16
568 2465 730 2520 Decembris
742 2471 774 2520 11
786 2466 920 2536 magister
932 2467 1071 2523 Emanuel
1084 2465 1236 2520 Barnesius
1247 2466 1287 2519 111
1299 2465 1345 2520 hic
1357 2465 1432 2538 apud
1446 2483 1495 2521 vos

409 2553 514 2609 eisdem
526 2571 600 2609 anno
612 2554 709 2608 ordine
720 2560 750 2609 et
761 2554 850 2625 gradu
861 2555 965 2626 quibus
977 2560 1022 2612 ast
1034 2556 1064 2610 in
1076 2554 1220 2610 academia
1232 2553 1380 2608 Basiliensi

410 2819 540 2873 magnam
565 2803 674 2875 copiam
698 2802 831 2857 librorum
854 2802 938 2859 modo
956 2802 1076 2872 antiqua
1093 2799 1263 2855 bibliotheca
1281 2801 1448 2856 restituatur
1466 2801 1495 2856 in

409 2892 561 2963 pristinum
581 2910 662 2947 vsum
680 2893 773 2964 placet
789 2890 870 2948 vobis
889 2897 920 2948 vt
938 2891 1069 2948 dominus
1086 2889 1328 2946 vicecancellarius
1344 2895 1373 2945 et
1388 2885 1495 2944 domini

409 2987 603 3054 procuratores
627 2983 736 3052 possint
759 2985 853 3037 vestra
873 2983 1042 3038 auctoritate
1063 2980 1099 3036 de
1119 2997 1257 3035 consensu
1275 2981 1388 3036 maioris
1406 2981 1496 3052 partia

409 3071 598 3142 prefectorum
616 3069 794 3140 collegiorum
812 3069 865 3125 hoc
882 3071 1026 3141 negocium
1044 3085 1175 3140 peragere
1191 3073 1219 3122 11
1236 3069 1407 3124 constituere
1423 3068 1494 3123 ordi-

410 3177 475 3215 nem
495 3177 546 3232 pro
567 3159 623 3214 illis
644 3159 812 3216 lectionibus
830 3166 859 3215 11
877 3160 1017 3215 exercitiis
1035 3177 1091 3230 que
1110 3175 1184 3213 nunc
1203 3157 1234 3212 in
1252 3157 1301 3212 illa
1318 3157 1413 3213 schola
1431 3175 1494 3212 con-

408 3251 562 3302 sueverunt
580 3247 674 3318 peragi

339 3336 509 3392 Conceditur
523 3339 556 3400 16
570 3335 732 3390 Decembris
743 3340 776 3390 11
788 3336 915 3406 magistri
932 3335 1086 3390 Hurlestcn
1099 3340 1129 3390 et
1142 3333 1271 3390 Osburne
1282 3335 1342 3389 sint
1353 3333 1496 3390 auditores

409 3426 479 3480 11111
499 3425 648 3480 Trinitatis
666 3425 726 3480 1111
742 3425 941 3496 magistrorum
959 3425 1076 3479 Preston
1093 3428 1123 3478 et
1141 3421 1284 3495 Fotherby
1326 3427 1356 3478 11
1368 3425 1495 3495 magistri

409 3512 435 3567 d.
455 3513 542 3568 Peme
559 3518 588 3567 11
605 3512 665 3567 Bell
682 3512 825 3567 auditores
841 3513 911 3568 11111
928 3513 1086 3568 communis
1103 3510 1356 3566 vicedominorum
1374 3513 1452 3568 Goad
1466 3518 1497 3570 11

411 3603 500 3672 Legge
535 3607 564 3655 et
577 3601 676 3655 Foster
688 3602 727 3655 sit
739 3604 834 3655 custos
846 3601 916 3656 cista
929 3600 1103 3673 Billynglord
1119 3604 1149 3655 et
1164 3600 1276 3654 Bowser
1292 3600 1353 3654 1111
1370 3601 1496 3671 magistri

410 3690 524 3744 Calvert
559 3690 686 3760 magistri
699 3689 716 3743 J
719 3688 844 3744 ohannes
858 3688 1037 3745 Hammonde
1048 3693 1078 3744 et
1087 3689 1204 3744 Carolus
1213 3687 1356 3761 Fotherby
1365 3689 1496 3746 custodes

412 3779 469 3833 Fen
481 3784 511 3832 et
524 3778 551 3832 N
553 3776 612 3832 eale
623 3777 684 3832 1111
697 3776 823 3846 magistri
836 3776 899 3830 Dod
912 3781 942 3831 et
955 3776 1048 3832 Reade

340 3865 510 3923 Conceditur
532 3869 566 3919 20
586 3864 718 3919 Januarii
739 3863 872 3918 11111111
894 3863 977 3918 modo
997 3864 1068 3919 lecte
1089 3863 1196 3918 scilicet
1216 3862 1252 3918 ad
1274 3863 1402 3920 dominos
1423 3867 1497 3936 regie

411 3954 553 4009 maiestati
566 3971 583 4007 a
595 3952 719 4007 consiliis
732 3951 891 4022 sigillentur
902 3951 993 4022 sigillo
1006 3955 1099 4006 vestro
1111 3951 1254 4006 communi
1296 3951 1393 4007 eadem
1406 3955 1497 4023 gratia

411 4042 572 4098 conceditur
595 4041 729 4095 latonii
774 4039 871 4095 eadem
893 4041 985 4110 gratia
1008 4037 1171 4096 conceditur
1195 4043 1211 4093 8
1237 4039 1306 4094 Maii
1330 4040 1437 4096 scilicet
1460 4041 1497 4097 ad

411 4130 556 4186 dominum
577 4129 781 4184 Cancellarium
800 4129 902 4199 Anglie

341 4217 511 4275 Conceditur
524 4221 556 4274 17
570 4216 715 4271 Februarii
728 4217 862 4286 magistro
879 4216 986 4270 Thome
1003 4215 1031 4270 N
1032 4231 1170 4270 earcomen
1187 4232 1264 4270 sacre
1281 4215 1418 4288 theologia
1433 4217 1496 4272 bae·

412 4307 559 4362 chalaureo
581 4312 612 4360 11
632 4306 672 4360 111
696 4322 769 4359 1111
792 4322 826 4359 ex
851 4304 998 4360 duodecim
1023 4303 1245 4376 predicatoribus
1270 4305 1322 4360 hoc
1346 4321 1421 4361 anno
1447 4323 1497 4378 per

411 4395 584 4451 academiam
606 4392 770 4450 emittendis
791 4393 832 4448 sic
852 4398 885 4448 vt
905 4410 990 4465 super
1011 4392 1063 4448 hac
1087 4396 1182 4448 vestra
1203 4394 1381 4449 concessione
1401 4393 1497 4450 literas
