3422 5116
210 351 384 439 1544-45]
647 371 761 421 emon
784 369 877 421 soon
901 371 923 420 o
1332 355 1373 417 25

283 525 401 579 omnino
419 523 573 580 seeundum
594 524 713 581 formem
733 526 835 581 statuti
853 542 918 580 oum
938 523 1031 580 tribus
1052 522 1281 596 responsionibus
1298 524 1373 579 suffi-

285 611 365 665 cient
382 612 409 666 ei
427 610 464 666 ud
482 610 707 683 respondendum
724 611 866 683 questioni

208 695 278 753 Vns
305 715 372 753 eum
400 697 446 754 bis
474 699 639 771 inoeperrmt
662 698 769 754 domini
796 698 920 755 Hollond
945 698 1112 771 Whytlooke
1136 703 1166 754 et
1191 697 1314 770 Buckley
1338 698 1374 754 de

284 787 400 858 collegio
419 785 516 858 Rogati
534 785 638 858 quibus
656 803 747 858 neque
766 787 857 859 petits
873 803 964 857 neque
981 803 1111 841 oonessss
1128 790 1173 842 est
1189 785 1363 858 dispensatio

311 1096 479 1162 Numerus
501 1096 684 1183 regentium
707 1095 803 1161 istius
826 1097 903 1159 suni
927 1095 1021 1160 iuxte
1042 1095 1281 1161 senioritetem¹

321 1241 407 1297 Jones
640 1241 739 1297 Rudde
1028 1240 1147 1297 Bottreil

320 1329 464 1384 Assboton
640 1329 761 1385 Dswson
1028 1328 1147 1401 Smythe

320 1416 450 1489 Aylende
641 1417 728 1472 bever
1027 1415 1169 1489 Buokeley

321 1507 456 1562 Atterton
641 1505 775 1561 Loveieoe
1028 1504 1138 1577 Hsrrys

321 1594 467 1650 Awforthe
642 1593 761 1665 Huggen
1029 1593 1158 1649 Stswksr

322 1681 463 1738 Hollonde
642 1681 836 1755 Grymsdyche

320 1769 437 1842 Wylson
640 1769 783 1842 Tompson

322 1857 416 1929 Roper
641 1856 809 1929 Wbytlooke

321 1943 417 2000 Elmer
641 1943 749 2000 Blande

321 2035 463 2091 Bernnrde
641 2033 742 2090 Clsrke

322 2122 410 2178 hedes
639 2119 905 2195 Demssenefflels]

321 2209 443 2282 Goplsys
640 2208 759 2281 Tyndell

322 2296 437 2351 Murton

559 2721 789 2788 Booohnlsurei
812 2721 847 2786 in
870 2719 1034 2809 theologis

205 2863 245 2920 In
263 2861 366 2936 primis
382 2859 544 2916 eonoeditur
560 2859 686 2914 Rolnndo
698 2857 871 2930 Swynborne
883 2861 915 2912 vt
927 2856 1056 2914 studium
1067 2861 1175 2929 septem
1188 2875 1327 2915 annorum
1340 2861 1370 2914 in

283 2947 423 3018 theologie
440 2951 505 3019 post
521 2946 583 3001 eius
600 2945 783 3000 neeessariam
802 2944 957 3015 regentium
975 2960 1040 2999 oum
1064 2944 1175 3000 duobus
1195 2945 1371 3003 sermonibus

284 3053 342 3091 vno
356 3035 391 3091 sd
405 3036 511 3091 olerum
527 3035 616 3090 eltsro
627 3033 663 3089 ed
679 3051 790 3088 oruoem
807 3032 887 3088 Pauli
905 3033 1026 3088 sufficiet
1041 3033 1067 3087 ei
1083 3032 1119 3087 ed
1131 3034 1329 3105 opponendum
1342 3043 1371 3090 et

283 3119 448 3175 intrandum
470 3118 500 3174 in
526 3117 665 3188 theologis
690 3117 731 3171 sie
756 3115 832 3188 quod
857 3117 948 3188 possit
974 3117 1081 3171 intrare
1106 3116 1143 3171 nd
1168 3117 1304 3188 plsoitum
1328 3120 1370 3173 its

283 3214 380 3263 temen
401 3205 477 3278 quod
494 3206 661 3277 respondent
681 3212 748 3258 ente
765 3205 868 3258 festum
887 3203 992 3258 Pesohe
1013 3209 1064 3258 aut
1082 3204 1175 3260 solunt
1193 3206 1370 3261 uniuersitsti

284 3313 339 3351 xxs
356 3301 387 3350 et
405 3313 461 3350 non
479 3298 611 3349 tenentur
628 3293 665 3348 nd
683 3292 843 3347 ulteriorem
862 3290 1043 3347 residentium

207 3387 287 3442 Item
306 3381 469 3437 ooneeditur
486 3381 609 3436 Henrioo
627 3379 842 3434 Oumbersortbe
859 3383 892 3433 vt
909 3378 1036 3434 studium
1055 3383 1163 3449 septem
1181 3397 1318 3437 annorum
1341 3383 1371 3436 in

282 3469 423 3539 theologis
441 3473 592 3539 postquam
610 3467 713 3522 rexerit
730 3468 760 3521 in
778 3465 888 3522 artibus
909 3483 975 3522 oum
992 3466 1103 3522 duobus
1120 3467 1295 3524 sermonibus
1315 3487 1371 3525 vno

283 3557 320 3613 ed
341 3557 446 3612 olerum
470 3556 560 3610 sltem
583 3554 619 3608 ed
644 3571 755 3608 crucem
781 3554 861 3608 Peuii
886 3561 1001 3608 etcum
1023 3572 1078 3609 vrrs
1098 3557 1278 3627 responsione
1300 3559 1372 3613 eitra

283 3647 388 3701 festum
409 3643 514 3698 Pesobe
537 3643 696 3714 proximum
721 3641 774 3696 sub
794 3659 866 3712 pene
887 3643 935 3697 xls
956 3643 985 3696 in
1007 3642 1138 3698 menibus
1159 3650 1370 3716 procuratorum

283 3733 414 3806 ponende
434 3735 587 3803 antequem
611 3730 783 3786 admittetur
805 3731 928 3785 sufficiet
948 3730 973 3786 ei
997 3731 1034 3786 nd
1058 3732 1254 3804 opponendum
1279 3741 1309 3789 et
1329 3735 1369 3789 in-

282 3819 416 3877 trandum
431 3820 461 3874 in
478 3837 558 3875 serre
573 3818 712 3889 theologie
727 3820 769 3874 sio
780 3818 856 3890 quod
871 3818 1042 3875 admittetur
1052 3825 1112 3874 tom
1123 3821 1160 3875 nd
1172 3823 1369 3892 opponendum

282 3927 369 3982 quam
393 3907 558 3964 intrandum
582 3908 655 3962 eitra
681 3909 785 3962 festum
809 3908 936 3962 omnium
965 3910 1133 3964 Sanctorum
1162 3916 1191 3964 et
1219 3911 1307 3966 intret
1333 3911 1369 3966 ed

281 3998 417 4071 plnoitum

210 4089 288 4144 item
300 4085 462 4140 oonoeditur
473 4084 564 4139 eidem
576 4087 609 4138 vt
625 4083 768 4154 responsio
784 4082 939 4154 theologico
952 4083 987 4139 nd
999 4099 1086 4156 quem
1102 4090 1215 4141 tenetur
1230 4086 1283 4141 hoo
1294 4104 1369 4142 onno

283 4174 389 4230 differri
401 4173 492 4244 possit
507 4173 536 4227 in
549 4172 708 4244 proximum
720 4187 827 4226 sunum
839 4173 974 4242 quoniam
988 4177 1103 4244 propter
1113 4172 1300 4245 egritudinem
1312 4192 1369 4246 que

282 4259 390 4316 uberat
402 4259 456 4314 boo
468 4277 542 4315 enno
553 4257 721 4332 respendere
732 4258 863 4330 desperet

390 4391 399 4424 ¹
417 4391 501 4442 'l'hsss
518 4405 670 4442 numerere
687 4390 789 4440 written
805 4391 833 4439 in
851 4393 867 4440 ³
883 4391 1003 4441 solumne
1019 4391 1047 4441 iu
1065 4392 1109 4442 the
1126 4397 1191 4441 tert.
