3344 5110
327 255 370 316 24
760 271 875 320 onnon
897 271 989 320 soon
1013 275 1035 320 Δ
1317 255 1487 341 [leta-45

397 427 507 494 partem
522 423 552 478 in
566 428 628 478 toto
645 441 711 479 cum
725 423 836 480 duabus
854 423 1082 496 responsionibus
1095 427 1125 480 et
1140 443 1196 481 vna
1209 426 1363 482 variatione
1377 425 1408 481 in
1422 443 1487 498 pro-

398 511 460 581 pria
478 528 598 582 persone
619 512 746 582 proximo
764 529 839 568 anno
858 512 1059 568 habenda-sub
1076 531 1150 586 pena
1169 514 1325 570 amittenda
1346 514 1487 569 cautionis

398 615 452 654 xxs
469 599 591 654 sufficiat
608 599 634 654 ei
651 600 687 655 ad
706 600 897 670 incipiendum
915 601 945 656 in
963 601 1073 656 artibus

328 684 402 739 Item
422 685 585 740 conceditur
602 685 717 741 domino
735 687 879 742 Assheton
900 692 932 742 vt
953 705 1054 743 novem
1075 690 1190 745 termini
1208 697 1273 762 post
1294 690 1406 746 finalem
1423 691 1485 746 eius

396 774 659 831 determinationem
684 775 713 831 in
738 775 842 847 quibus
865 777 999 833 lectiones
1025 777 1179 834 ordinarias
1202 777 1313 834 audiuit
1337 778 1404 834 iicet
1427 795 1483 833 non

397 862 512 916 omnino
523 863 677 918 secundum
689 863 808 918 sormam
826 864 929 919 statuti
945 881 1010 920 cum
1023 864 1114 921 tribue
1126 865 1352 938 responsionibus
1363 865 1485 921 sufficiat

397 948 423 1003 ei
441 948 478 1003 ed
497 950 688 1022 incipiendum
708 950 738 1005 in
757 951 867 1007 artibus

326 1035 433 1092 Eadem
453 1038 545 1108 gratia
564 1038 600 1095 de
620 1038 705 1094 verbo
726 1039 756 1094 in
779 1039 894 1096 verbum
916 1040 1079 1097 conceditur
1101 1041 1223 1098 dominis
1247 1042 1341 1114 Repar
1362 1041 1481 1099 Dawson

398 1130 428 1179 et
445 1125 574 1180 Stawlrnr

327 1211 402 1267 Item
418 1213 581 1269 conceditur
596 1213 710 1269 domino
727 1213 870 1270 Barnarde
882 1219 914 1269 vt
932 1219 966 1270 12
982 1216 1096 1272 termini
1112 1220 1178 1288 post
1194 1217 1306 1273 finalem
1319 1219 1381 1273 eius
1391 1219 1482 1274 deter-

397 1299 582 1355 minationem
598 1300 629 1354 in
645 1298 749 1372 quibus
765 1300 899 1355 lectiones
913 1300 1069 1357 ordinaries
1084 1302 1196 1357 audiuit
1214 1304 1280 1358 licet
1295 1321 1352 1358 non
1368 1304 1482 1359 omnino

397 1385 551 1441 secuudum
569 1386 689 1442 sormam
702 1388 806 1442 statuti
823 1405 888 1443 cum
905 1387 998 1443 tribue
1015 1388 1243 1461 responsionibus
1254 1391 1394 1446 sufficiant
1406 1392 1431 1447 ei
1446 1390 1481 1446 ed

397 1475 588 1547 incipiendum
601 1477 631 1530 in
643 1475 753 1532 artibus

327 1561 402 1618 Item
413 1562 577 1618 conceditur
593 1563 752 1619 Damaseno
769 1564 841 1619 Delo
854 1569 886 1620 vt
902 1565 1028 1621 studium
1045 1565 1141 1622 decem
1155 1583 1293 1624 annorum
1309 1567 1339 1622 in
1354 1567 1406 1623 hac
1423 1569 1483 1624 vni-

396 1652 532 1707 uersitate
552 1669 617 1707 cum
641 1652 784 1708 nonnullis
809 1653 1034 1725 oppositionibus
1059 1658 1089 1709 et
1113 1654 1340 1727 responsionibus
1363 1654 1483 1728 publicis

396 1741 470 1796 inter
485 1741 598 1812 equales
614 1758 681 1796 suos
697 1741 818 1797 sufficiat
831 1742 856 1796 ei
868 1740 904 1797 ed
917 1741 1106 1813 incipiendum
1119 1743 1149 1798 in
1161 1742 1270 1799 artibus
1283 1743 1482 1800 nonobstante

396 1833 506 1884 statuto
525 1829 565 1884 sic
583 1828 659 1901 quod
675 1832 743 1884 ante
757 1829 818 1884 eius
834 1829 1033 1886 admissionem
1050 1830 1141 1886 tribus
1157 1831 1299 1902 magistris
1315 1832 1426 1904 publice
1441 1849 1482 1887 re-

395 1916 534 1990 spondeat

325 2007 399 2062 Item
412 2006 576 2062 conceditur
587 2005 702 2062 domino
714 2005 820 2061 Botrell
832 2011 865 2061 vt
877 2023 978 2062 novem
990 2007 1104 2063 termini
1120 2013 1185 2078 post
1197 2007 1308 2064 finalem
1320 2009 1380 2064 eius
1391 2009 1483 2064 deter-

393 2095 578 2151 minationem
594 2096 624 2151 in
640 2094 744 2167 quibus
760 2095 894 2150 lectiones
909 2095 1064 2151 ordinarias
1081 2095 1193 2151 audiuit
1210 2097 1276 2152 licet
1294 2115 1350 2152 non
1366 2098 1480 2154 omnino

393 2183 549 2239 secundum
565 2184 683 2238 formam
700 2184 803 2238 statuti
822 2200 888 2237 cum
903 2182 1014 2238 duabus
1030 2182 1259 2255 responsionibus
1275 2188 1304 2238 et
1319 2201 1374 2240 vna
1391 2186 1480 2241 veria·

395 2273 473 2326 tione
493 2271 620 2342 proximo
638 2288 712 2325 anno
730 2271 890 2342 inproprie
911 2288 1030 2342 persona
1047 2269 1174 2326 habenda
1191 2270 1245 2325 sub
1263 2288 1335 2343 pena
1350 2290 1408 2326 xxe
1423 2274 1479 2328 suf-

394 2361 471 2416 ficiat
482 2360 507 2414 ei
519 2359 555 2414 ad
567 2359 759 2430 incipiendum
771 2360 801 2414 in
814 2359 924 2415 artibus

324 2447 431 2502 Eadem
443 2447 533 2518 gratia
544 2445 579 2501 de'
592 2445 676 2501 verbo
688 2447 718 2501 in
730 2446 847 2502 verbum
859 2446 1021 2503 conceditur
1031 2447 1145 2502 domino
1157 2445 1280 2519 Ooplaye

326 2537 400 2592 Item
421 2534 583 2590 conceditur
603 2534 716 2588 domino
737 2533 846 2604 Harrys
867 2537 899 2588 vt
919 2538 1042 2603 quatuor
1066 2532 1179 2588 termini
1204 2537 1268 2604 post
1288 2533 1401 2589 finalem
1421 2535 1480 2590 eius

395 2622 658 2679 determinationem
675 2622 705 2676 in
721 2621 825 2693 quibus
841 2620 975 2676 lectiones
989 2619 1144 2676 ordinarias
1157 2619 1268 2676 audiuit
1284 2638 1335 2692 per
1348 2623 1481 2678 maionem

397 2715 506 2783 partem
524 2711 555 2764 in
573 2715 635 2765 toto
651 2728 716 2764 cum
733 2709 825 2764 tribus
844 2708 1071 2781 responsionibus
1090 2726 1210 2781 quarum
1229 2708 1284 2764 due
1301 2708 1398 2764 habite
1414 2715 1482 2765 sunt

396 2800 426 2856 in
443 2801 571 2872 proxima
593 2798 827 2854 determinatione
846 2797 1089 2853 baouhaiareorum
1109 2797 1231 2852 sufficiat
1248 2797 1274 2852 ei
1292 2797 1329 2852 ed
1348 2798 1482 2870 incipien-

394 2890 464 2945 dum
482 2888 512 2943 in
530 2887 640 2943 artibus

206 3055 228 3116 i.
247 3056 281 3116 ll
293 3077 312 3116 a
325 3065 400 3120 Item
418 3063 580 3119 conceditur
597 3059 738 3116 Richardo
755 3059 842 3115 Jones
861 3064 894 3114 vt
912 3061 976 3114 octo
996 3057 1110 3114 termini
1129 3076 1194 3114 oum
1212 3057 1333 3114 termino
1353 3057 1395 3132 [in
1413 3059 1482 3133 quo]

395 3153 558 3222 incepturus
567 3153 611 3204 eet
623 3149 653 3203 in
666 3148 719 3203 hac
731 3147 918 3203 vniuersitate
928 3151 1022 3218 preter
1034 3147 1189 3202 multorum
1200 3164 1338 3202 annorum
1354 3148 1480 3203 studium

394 3241 424 3294 in
441 3237 531 3292 literis
548 3235 762 3291 humanioribus
778 3252 880 3307 pueros
897 3234 1049 3289 erudiendo
1065 3234 1186 3290 sufficiat
1197 3234 1223 3289 ei
1239 3235 1275 3290 ed
1292 3235 1480 3307 incipiendum

394 3327 424 3381 in
438 3324 548 3380 artibus
560 3322 760 3378 nonobstante
776 3327 886 3378 statuto
897 3323 938 3377 sic
951 3328 984 3377 vt
996 3322 1043 3377 vni
1060 3323 1194 3393 magistro
1211 3321 1321 3394 publice
1338 3329 1405 3378 ante
1421 3324 1481 3378 eius

393 3413 592 3470 admissionem
605 3412 772 3483 respondeat
785 3417 814 3466 et
826 3410 920 3466 soluat
928 3410 1090 3466 achademie
1103 3411 1250 3466 tresdecim
1260 3411 1362 3467 solidos
1372 3417 1401 3466 et
1413 3411 1453 3482 iiij
1460 3412 1479 3467 d

324 3505 398 3560 Item
410 3502 572 3559 conceditur
583 3500 673 3556 eidem
690 3517 779 3572 nuper
791 3499 915 3554 admisso
927 3500 964 3554 ad
976 3499 1167 3570 incipiendum
1184 3499 1213 3553 iu
1226 3498 1335 3554 artibus
1346 3500 1479 3570 quoniam

394 3595 424 3648 in
445 3591 569 3647 Scotiam
587 3607 652 3645 cum
670 3589 785 3644 domino
806 3607 857 3644 suo
876 3589 979 3644 comite
1000 3587 1104 3642 Derbei
1126 3589 1155 3642 in
1177 3587 1260 3658 regiis
1279 3588 1399 3658 negociis
1417 3605 1478 3660 pro·

393 3683 518 3738 fecturus
532 3683 576 3734 eet
594 3680 623 3734 in
640 3677 776 3749 proximis
790 3676 942 3732 commitiis
954 3675 1051 3730 adesse
1068 3675 1199 3747 desperat
1241 3675 1372 3731 conviuet
1384 3679 1479 3731 tamen

393 3774 423 3825 et
440 3768 596 3824 satisfaciat
614 3766 756 3821 officiariis
774 3766 854 3821 iuxta
871 3768 982 3819 statuta
1000 3766 1029 3818 et
1047 3780 1138 3818 mores
1156 3763 1350 3818 uniuersitatis

323 3861 397 3918 Item
410 3856 571 3914 conceditur
582 3854 681 3910 Miloni
690 3853 816 3909 Wilsono
825 3857 857 3908 vt
871 3851 1028 3907 letemini
1040 3854 1105 3922 post
1116 3850 1229 3906 finalem
1241 3851 1302 3906 eius
1310 3850 1477 3906 determina-

392 3949 499 4002 tionem
520 3945 550 3999 in
567 3941 672 4014 quibus
689 3942 823 3997 lectiones
845 3941 1001 3996 ordinarias
1018 3938 1129 3994 audiuit
1147 3956 1197 4010 per
1214 3939 1349 3994 maiorem
1366 3943 1476 4011 purtem

392 4034 422 4089 in
438 4036 500 4087 toto
511 4047 576 4086 cum
592 4028 703 4084 duabus
718 4027 948 4100 responsionibus
963 4031 993 4081 et
1009 4044 1065 4082 vna
1077 4027 1232 4081 variatione
1248 4027 1279 4081 in
1294 4028 1407 4098 propria
1418 4045 1478 4098 per·

392 4138 461 4176 sona
472 4119 598 4190 proximo
609 4134 684 4171 anno
696 4115 825 4171 habenda
837 4115 958 4170 sufficiat
970 4113 996 4169 ei
1008 4113 1045 4169 ed
1057 4113 1248 4186 incipiendum
1261 4115 1290 4169 in
1303 4113 1413 4170 artibus

322 4212 396 4266 item
417 4205 580 4262 conceditur
597 4203 713 4259 domino
734 4203 876 4272 Tompson
895 4207 928 4255 vt
946 4218 1048 4255 novem
1067 4201 1181 4255 termini
1202 4205 1267 4273 post
1287 4199 1399 4256 finalem
1418 4201 1478 4257 eius

390 4291 654 4351 determinationem
679 4291 708 4344 iu
733 4288 837 4359 quibus
858 4289 992 4343 lectiones
1016 4288 1172 4344 ordinarias
1195 4287 1308 4344 audiuit
1330 4289 1397 4344 licet
1420 4307 1476 4344 non
