3394 5114
204 309 370 393 1565-66]
641 323 754 374 orion
776 325 870 372 soon
892 324 915 372 Δ
1299 307 1361 372 195

205 479 311 548 Quinto
328 479 436 551 Aprilis
454 479 551 535 eedem
569 480 661 550 gretia
678 477 841 534 conceditur
859 477 885 532 d.
903 475 971 532 Rob.
989 476 1082 532 Rodes
1096 475 1123 531 d.
1138 476 1182 530 Jo.
1200 475 1317 530 Lewson
1333 473 1360 530 d.

278 569 359 624 [aeon.
373 567 466 624 Oooke
478 569 504 624 (1.
518 568 567 623 W⁰
579 569 678 624 Butler
691 566 719 622 d.
733 568 777 624 Jo.
790 567 897 622 Grevet
911 565 938 620 d.
955 565 973 620 J
975 583 999 620 ο.
1018 565 1096 636 Deye
1114 564 1141 621 d.
1161 563 1228 619 Len.
1244 563 1361 618 Browne

276 654 303 711 (1.
320 655 388 711 Rob.
403 655 522 711 Hudscn
576 659 606 710 ³⁰
624 655 693 710 Maii
711 655 738 710 (1.
758 653 986 709 mochenhem
1003 651 1029 708 d.
1047 653 1091 708 Jo.
1109 651 1228 706 Henson
1245 650 1272 706 d
1292 649 1361 706 Red.

277 742 477 814 Weddyngton
492 742 520 798 (1.
539 742 596 798 Ric
614 742 702 814 Peget
713 741 743 796 d
761 741 840 812 Egid.
858 739 970 812 hyleph
985 738 1012 794 d.
1030 738 1082 796 Ed.
1101 738 1254 810 Doddynge
1270 738 1297 793 d.
1315 737 1363 792 W⁰

277 831 355 902 Lyffe
375 831 402 886 d
421 831 465 886 Jo.
485 831 659 902 Brownynge
679 830 708 886 (1.
729 830 797 885 Tho.
821 829 890 884 Best
910 826 937 882 d
961 827 1030 882 Rod.
1050 827 1227 900 Wylkynson
1246 827 1273 882 d.
1293 826 1360 881 Tho.

278 919 384 975 Oroolre
397 919 485 976 (1.1’1ο
499 919 625 976 Itedmen
640 919 667 974 d.
685 919 733 974 W⁰
748 917 873 974 Ferrend
887 917 914 973 (1.
932 916 984 972 Ed.
1005 915 1150 986 stanhope
1163 915 1190 970 (1.
1206 916 1284 970 Jeoo.
1299 915 1363 987 Byll

276 1008 304 1064 d.
322 1009 390 1064 Tho.
408 1009 527 1081 Wylkys
544 1009 571 1066 d.
590 1008 667 1065 Jsco.
685 1008 760 1081 Oeye
809 1012 843 1062 10
861 1006 940 1062 Junii
954 1005 981 1061 d
1001 1003 1070 1060 Geb.
1091 1004 1203 1059 Ducket
1219 1004 1245 1059 d.
1264 1003 1360 1059 Frnnc.

279 1095 438 1169 Garthsyde

207 1185 314 1240 Eadem
332 1185 423 1256 gretie
443 1203 508 1240 cum
528 1183 638 1240 duebue
656 1183 885 1256 responsionibus
905 1187 935 1238 et
953 1199 1009 1238 vnn
1027 1181 1182 1236 variatione
1200 1178 1364 1234 conceditur
1473 1189 1479 1198 ’

278 1277 295 1326 t
313 1272 420 1344 Aprilis
437 1271 464 1329 d.
484 1271 562 1327 Bnld
582 1271 678 1326 Esdsll

208 1359 378 1416 Conceditur
390 1364 421 1415 21
436 1360 454 1415 J
456 1360 517 1415 unii
528 1359 642 1415 domino
656 1359 728 1416 Hen.
742 1357 866 1414 Howsrd
881 1363 913 1413 vt
930 1358 1059 1414 studium
1075 1356 1164 1412 trium
1179 1373 1318 1411 annorum
1333 1356 1363 1411 in
1376 1353 1395 1413 f,
1414 1355 1452 1414 86
1467 1375 1486 1414 u

278 1448 331 1503 hec
342 1447 485 1504 eosdemie
497 1447 527 1502 in
540 1446 694 1503 dialecticis
706 1446 907 1518 philosophicis
919 1445 1008 1518 grecis
1020 1444 1174 1514 latinisque
1186 1442 1276 1498 literis
1288 1443 1363 1498 suffi-

278 1537 335 1592 ciet
347 1536 372 1591 ei
382 1535 418 1591 ed
427 1534 619 1606 incipiendum
628 1535 658 1590 in
668 1534 778 1590 artibus
787 1535 870 1590 sicvt
880 1535 940 1590 eius
948 1533 1083 1589 admissio
1092 1537 1150 1587 stet
1158 1548 1209 1602 pro
1218 1530 1365 1601 completis

278 1625 367 1697 gradu
379 1629 409 1680 et
421 1625 511 1680 forme
522 1624 552 1678 iu
565 1624 681 1679 eiisdem
693 1624 734 1679 ite
747 1629 842 1679 temen
856 1628 888 1678 vt
899 1622 1027 1694 disputet
1042 1623 1072 1677 in
1088 1620 1224 1692 proximis
1241 1619 1365 1675 comitiis
1423 1683 1426 1691 ,
1493 1619 1499 1628 '

279 1717 310 1770 ot
321 1713 486 1768 convivetur
497 1717 527 1769 ot
539 1712 710 1767 admittetur
724 1712 768 1767 vel
783 1729 848 1767 oum
862 1709 1027 1766 ceremoniis
1043 1709 1088 1764 vel
1104 1709 1165 1764 sine
1182 1707 1298 1763 eiisdonr
1314 1725 1365 1779 pro

280 1816 332 1854 suo
344 1797 484 1853 erbitretu
497 1798 595 1868 (freter
607 1797 686 1854 ducis
700 1796 811 1852 Northf.
825 1796 925 1868 marg.)

211 1888 275 1943 Vns
287 1904 352 1942 cum
363 1886 420 1941 hiis
432 1886 538 1957 incepit
549 1885 584 1940 de
596 1884 711 1956 collegio
728 1885 814 1956 Regio
831 1883 876 1939 cui
894 1882 970 1938 nulls
988 1881 1079 1954 gretie
1096 1880 1186 1952 petite
1201 1897 1293 1952 neque
1309 1879 1365 1936 dis-

281 1976 410 2048 pensatio
421 1993 552 2031 concesse
565 1973 665 2032 Ruben
677 1973 826 2030 Sherwood

633 2393 723 2460 Ordo
745 2391 947 2458 eenioritetis

308 2582 447 2638 Dominus
460 2581 582 2637 Howsrd
775 2579 854 2652 Lyffe

460 2669 571 2726 Ohcrke
777 2667 861 2724 Allen

461 2757 610 2813 Sherwood
778 2756 886 2812 Orooke

460 2845 611 2918 Fitziefray
778 2842 927 2915 Kyrklend

462 2934 540 3006 Deye
779 2931 891 3004 hyleph

462 3021 578 3076 Browne
779 3020 891 3075 Ducket

463 3110 621 3182 Hennydge
684 3161 686 3165 .
780 3109 855 3182 Oeye

463 3198 527 3271 Byll
782 3196 934 3253 Gerthside

464 3285 563 3341 Pioerd
784 3283 940 3340 Ohemhcre

463 3373 561 3430 Esdell
785 3372 906 3428 Hudson

464 3459 678 3534 Elger[nger]
785 3459 910 3516 Ferrand

464 3549 557 3606 Rodcs
785 3549 914 3605 Redmen

464 3637 640 3711 Wylkynson
789 3637 892 3710 Fewyll

464 3725 663 3798 Wnddyngton
793 3725 917 3781 Hollend

464 3813 631 3870 Woodwerd
790 3813 910 3885 Wyllrys

217 4081 391 4139 Conceditur
407 4081 435 4136 ix
452 4077 621 4135 Novembris
637 4078 688 4134 Ed.
704 4077 843 4134 hndleser
857 4079 886 4133 in
902 4076 1047 4133 condomio
1061 4077 1212 4133 Osoniensi
1224 4077 1254 4132 in
1266 4077 1376 4133 artibus

289 4170 424 4241 magistro
436 4175 468 4224 vt
479 4170 518 4224 sit
531 4169 576 4223 hic
588 4168 664 4240 apud
677 4187 728 4223 vos
739 4169 770 4222 in
781 4167 899 4223 eiisdem
913 4166 1002 4238 gradu
1019 4170 1049 4223 et
1063 4184 1138 4222 enno
1154 4165 1258 4238 quibus
1274 4167 1331 4221 fuit
1345 4167 1376 4221 in

288 4258 365 4313 dicte
377 4257 521 4312 academia
534 4256 685 4313 Oxoniensi

1198 4429 1297 4488 13-2
