3378 5116
808 397 922 447 ossen
945 397 1038 446 soon
1061 398 1084 445 Δ
1360 379 1524 466 [1556-57

827 903 1073 989 [rese-1557]

255 1110 484 1176 i46eGrstie
513 1132 663 1176 concesse
693 1112 727 1176 in
757 1110 855 1198 plene
884 1110 1136 1198 congregacione
1167 1109 1367 1197 Regentinm
1399 1117 1434 1174 et
1460 1131 1525 1173 non

456 1216 655 1301 Regentium
686 1239 706 1281 a
735 1217 818 1282 festo
852 1217 956 1281 sandi
996 1215 1164 1281 Michaelis
1194 1237 1279 1280 enno
1310 1217 1395 1280 1556
1427 1236 1526 1300 vsqne

456 1316 499 1382 ad
525 1317 611 1383 idem
639 1319 759 1384 festum
787 1341 828 1382 ex
855 1326 935 1383 tunc
960 1319 1107 1405 proxime
1132 1341 1272 1405 sequens
1297 1316 1397 1382 Andr.
1423 1317 1527 1382 Peme

456 1444 545 1488 sacre
582 1423 745 1511 theologie
781 1424 960 1511 professore
994 1432 1074 1490 tune
1107 1422 1356 1510 proceneellan'o
1390 1431 1425 1487 et
1458 1443 1525 1485 ma-

456 1529 566 1696 gisthis
602 1529 763 1594 Nieholao
801 1529 978 1617 Robynson
1012 1539 1047 1595 et
1084 1530 1227 1618 Hugone
1258 1528 1345 1614 Glyn
1375 1549 1526 1615 procura-

454 1631 518 1696 tori
541 1653 580 1696 us

727 1814 959 1881 Baeohslaurei
983 1815 1019 1881 in
1041 1814 1168 1880 artibus

366 1983 401 2040 ln
422 1985 522 2057 primis
542 1987 706 2042 conceditur
727 1986 849 2042 Roberto
872 1987 950 2058 Irong
969 1990 1001 2041 vt
1023 1989 1057 2042 12
1078 1987 1192 2041 termini
1213 1985 1346 2057 completi
1369 1986 1399 2039 in
1420 1985 1525 2056 quibus

435 2076 570 2132 lectiones
596 2076 753 2132 ordinarias
779 2077 891 2132 audiuit
915 2076 982 2132 licet
1007 2094 1064 2131 non
1088 2076 1203 2131 omnino
1227 2075 1381 2131 secundum
1405 2075 1525 2130 formam

435 2165 538 2218 statuti
556 2181 622 2219 cum
640 2163 866 2236 oppositionibus
883 2167 913 2220 et
931 2163 1159 2237 responsionibus
1177 2163 1322 2234 requisitis
1340 2163 1524 2218 sufficisntei

436 2250 473 2307 ad
491 2252 717 2323 respondendum
734 2253 877 2324 questioni

366 2339 472 2396 lisdem
489 2342 580 2412 gratia
594 2341 630 2396 de
644 2340 729 2397 verbo
745 2342 775 2396 in
788 2341 907 2397 verbum
922 2341 1086 2397 conceditur
1103 2341 1234 2414 Philippo
1250 2341 1358 2413 'l‘ylney
1370 2344 1400 2396 et
1417 2341 1524 2396 Thcme

438 2431 527 2504 [egge

367 2519 441 2575 Item
460 2519 623 2576 conceditur
641 2519 746 2576 Joanni
765 2519 861 2575 Oobbe
879 2521 913 2576 vt
935 2523 968 2574 12
989 2519 1104 2576 termini
1125 2519 1155 2576 in
1175 2519 1279 2592 quibus
1300 2521 1433 2576 lectiones
1452 2521 1524 2576 ordi·

437 2607 531 2662 nerias
557 2607 669 2662 audiuit
695 2607 761 2662 licet
788 2625 845 2662 non
872 2607 987 2662 omnino
1010 2607 1165 2663 secundum
1189 2609 1307 2664 formem
1332 2609 1435 2664 statuti
1460 2627 1524 2665 oum

436 2694 659 2766 oppositionibus
679 2700 710 2751 et
729 2693 959 2766 responsionibus
980 2695 1126 2766 requisitis
1147 2697 1290 2751 sufficiant
1308 2697 1334 2752 ei
1355 2697 1391 2752 ed
1412 2715 1525 2769 respon·

435 2781 560 2838 dendum
577 2783 718 2854 questioni

366 2869 471 2924 Eadem
489 2869 580 2939 gratia
596 2867 632 2924 de
650 2868 734 2925 rerbo
752 2869 781 2924 in
800 2867 918 2924 verbum
936 2869 1099 2925 conoeditur
1118 2870 1255 2926 Niehclao
1273 2870 1368 2927 Cobbe
1384 2872 1525 2928 Willelmo

436 2957 535 3012 Dosse
548 2957 691 3013 leonardo
704 2957 808 3013 Renow
821 2956 963 3013 Willelmo
975 2958 1143 3030 Haryngton
1155 2963 1185 3014 et
1199 2958 1339 3014 Ludorico
1352 2959 1436 3031 Guyn

369 3044 443 3100 Item
469 3045 632 3100 conceditur
655 3045 796 3102 Richardo
820 3046 940 3118 Smythe
960 3050 993 3101 vt
1018 3051 1048 3100 11
1072 3047 1187 3101 termini
1212 3046 1367 3117 inquibus
1391 3047 1525 3104 lectiones

435 3132 591 3188 ordinaries
608 3134 719 3190 audiuit
736 3134 803 3190 lieet
820 3152 877 3188 non
895 3133 1011 3189 omnino
1029 3134 1183 3189 secundum
1200 3135 1320 3189 formem
1337 3137 1441 3190 statuti
1459 3154 1524 3192 cum

436 3221 661 3294 oppositionibus
684 3227 714 3279 et
737 3221 966 3294 responsionibus
992 3223 1135 3294 requisitis
1160 3223 1301 3278 sufficiant
1325 3224 1351 3279 ei
1375 3241 1426 3295 pro
1450 3242 1524 3279 com·

435 3311 521 3381 pletis
543 3311 633 3382 gradu
655 3317 685 3367 et
709 3312 800 3367 forma
819 3311 1068 3367 bacchalaureatus
1089 3313 1119 3366 in
1141 3312 1251 3368 ortibus
1298 3312 1345 3366 Sic
1365 3312 1442 3382 quod
1464 3313 1524 3367 eius

435 3399 556 3456 eruditio
577 3401 656 3472 prius
677 3401 854 3457 examinetur
874 3405 904 3457 et
924 3402 1096 3473 approbetur
1116 3419 1167 3474 per
1187 3402 1336 3473 magistros
1359 3401 1474 3456 Hutton
1495 3405 1525 3456 et

437 3488 547 3543 Turner
569 3490 648 3560 graui
673 3491 749 3545 enim
773 3495 941 3562 paupertate
964 3509 1080 3562 pressus
1103 3492 1156 3547 hac
1176 3491 1413 3546 determinacione
1434 3489 1524 3545 deter-

436 3579 545 3634 minare
573 3596 631 3634 non
661 3580 756 3651 potuit
782 3585 812 3636 et
837 3581 994 3652 proximam
1018 3581 1079 3636 sine
1103 3580 1225 3635 maximo
1249 3597 1300 3635 suo
1324 3579 1471 3650 dispendio
1494 3580 1525 3633 in

436 3668 587 3723 amissione
604 3668 730 3724 sodalicii
748 3669 823 3741 quod
842 3673 919 3725 certo
936 3675 1032 3742 sperat
1049 3673 1196 3741 expectere
1212 3685 1268 3723 non
1287 3671 1381 3740 potffit

368 3755 443 3810 Item
462 3755 627 3810 conceditur
643 3755 747 3811 Joeuni
767 3755 873 3828 Bryges
890 3760 923 3811 vt
942 3760 975 3810 12
993 3755 1108 3810 termini
1129 3753 1282 3826 inquibus
1302 3754 1436 3809 lectiones
1453 3752 1526 3808 ordi-

440 3843 534 3898 narias
564 3843 675 3898 audiuit
701 3844 767 3900 licet
794 3862 850 3899 non
874 3846 989 3900 omnino
1013 3844 1168 3900 secundum
1191 3845 1311 3898 formam
1335 3843 1437 3899 statuti
1462 3860 1527 3898 oum

440 3931 665 4004 opposicionibus
686 3937 715 3989 et
735 3934 963 4006 responsionibus
984 3934 1127 4005 requisitis
1148 3933 1290 3988 sufficiunt
1310 3933 1335 3988 ei
1357 3931 1393 3987 ed
1414 3950 1526 4006 respon·

440 4020 564 4076 dendum
582 4021 723 4092 questioni

371 4109 477 4166 Eadem
495 4111 585 4181 gretie
601 4110 636 4165 de
652 4112 738 4167 verbo
753 4112 784 4167 in
800 4111 918 4167 verbum
934 4111 1096 4167 conceditur
1113 4110 1236 4166 Roberto
1253 4110 1367 4182 Hyckes
1382 4109 1528 4182 Redolpbc

441 4198 543 4254 Oniten
556 4204 586 4254 et
597 4198 615 4254 J
617 4199 701 4255 cauni
715 4198 839 4256 Rolande

371 4285 445 4342 Item
463 4287 626 4341 conceditur
644 4286 727 4342 Petro
745 4287 880 4359 Beuerley
896 4291 929 4342 vt
948 4292 980 4342 11
998 4287 1113 4342 termini
1132 4287 1162 4341 in
1180 4285 1285 4358 quibus
1302 4285 1436 4340 lectiones
1454 4285 1527 4340 ordi·

440 4375 534 4430 nerias
563 4374 675 4430 audiuit
703 4375 769 4431 licet
793 4392 850 4431 nen
874 4374 989 4431 omnino
1012 4377 1167 4432 secundum
1191 4375 1311 4431 formem
1334 4374 1437 4429 statuti
1461 4391 1527 4428 cum

440 4462 666 4536 opposicicnibus
685 4469 715 4520 et
734 4463 961 4537 responsionibus
981 4465 1125 4536 requisitis
1146 4465 1287 4520 sufficient
1307 4463 1333 4518 ei
1351 4461 1388 4517 ed
1406 4463 1528 4519 finaliter
