3378 5126
190 353 355 440 1587-88]
630 370 744 422 omen
766 371 860 422 soon
882 372 904 420 a
1282 356 1346 420 425

189 525 273 582 Mem.
298 526 372 599 quod
397 527 538 598 Josepbus
565 527 689 598 Midgley
714 527 806 598 Magd.
831 527 875 583 Jo.
900 527 1042 582 Taverner
1064 527 1107 582 Je.
1132 531 1162 581 et
1186 525 1344 581 willelmus

259 615 377 688 Dennys
395 615 502 672 Christi
520 614 674 672 abluerunt
691 615 737 672 die
754 616 934 671 comitiorum
952 623 981 672 et
999 634 1056 671 non
1074 620 1143 672 sunt
1160 615 1321 686 inaugurati

189 702 361 761 Conceditur
376 709 393 759 b
410 705 428 760 J
430 704 480 761 ulii
497 705 621 777 dosepbo
640 704 780 777 Midgeley
793 712 824 760 vt
840 723 906 760 cum
923 706 984 761 sine
1002 722 1113 760 summo
1131 722 1183 760 suo
1201 703 1348 759 incomodo

258 791 367 848 ultimis
389 793 492 850 vestris
512 794 636 849 comitiis
661 811 716 848 non
741 794 836 866 potuit
860 795 996 850 interesse
1018 799 1049 849 vt
1070 812 1103 850 ex
1126 793 1179 849 fide
1204 793 1260 848 iam
1282 792 1349 848 data

258 879 374 935 domino
392 881 609 951 procanoellario
624 881 696 936 satis
712 886 825 936 constat
841 881 925 936 liceat
941 881 966 936 ei
983 886 1078 938 vestra
1094 879 1168 936 bona
1185 898 1249 936 cum
1268 881 1349 936 venia

259 966 455 1036 pretermissas
485 967 514 1022 in
542 967 671 1024 creandis
697 967 842 1038 magistris
871 966 945 1022 ritus
971 967 1127 1022 ordinarios
1153 967 1206 1021 hoc
1232 966 1263 1020 in
1290 967 1350 1021 loco

262 1070 404 1124 suscipere

189 1137 361 1196 Conceditur
384 1145 401 1196 9
426 1140 571 1197 Februarii
599 1143 734 1214 magistro
762 1143 885 1198 Henn'co
913 1143 1033 1214 Seroope
1060 1142 1271 1198 honoratissimi
1296 1143 1349 1197 viri

260 1228 368 1284 domini
390 1228 505 1284 Henrici
525 1229 645 1302 Scroope
665 1230 723 1285 filio
741 1239 773 1286 vt
791 1235 938 1302 cooptetur
956 1231 986 1285 in
1005 1229 1132 1285 ordinem
1151 1231 1349 1301 magistrorum

260 1317 290 1372 in
308 1317 419 1373 artibus
437 1318 528 1374 sicvt
546 1336 603 1374 non
620 1323 747 1376 arctetur
764 1319 801 1375 ad
820 1320 944 1391 aliquam
966 1319 1152 1374 ceremoniam
1171 1318 1285 1374 solitam
1302 1319 1350 1374 cb-

260 1407 364 1461 servari
386 1407 423 1462 ab
440 1407 643 1480 incipientibus
661 1407 691 1463 in
710 1407 809 1464 eadem
827 1409 963 1464 facultate
981 1407 1030 1462 sed
1048 1411 1162 1462 tantum
1180 1407 1351 1462 admittatur

262 1492 298 1548 ed
315 1492 453 1564 placitum
469 1494 510 1548 sic
527 1501 558 1550 vt
573 1495 635 1550 eius
651 1494 786 1550 admissio
804 1500 863 1551 stat
880 1513 931 1566 pro
947 1494 1094 1566 completis
1111 1493 1199 1565 gradu
1216 1499 1245 1549 et
1262 1495 1350 1549 forma

260 1581 300 1636 ita
322 1585 418 1636 tamen
438 1587 471 1635 vt
490 1585 641 1653 postquam
664 1583 827 1639 solemnitor
850 1583 1006 1654 productus
1028 1582 1113 1638 luerit
1137 1581 1221 1636 fidem
1242 1581 1352 1637 dederit

259 1669 402 1726 academie
417 1669 452 1725 de
469 1669 643 1726 observando
658 1677 770 1729 statuta
787 1673 932 1744 privilegia
947 1678 976 1727 et
992 1670 1210 1727 consuetudines
1226 1666 1363 1726 eiusdem*

260 1757 430 1829 approbatas
461 1759 612 1830 promittat
638 1777 669 1815 se
695 1761 781 1818 semel
809 1760 1004 1832 oppositurum
1033 1759 1062 1813 in
1090 1759 1225 1830 proximis
1251 1763 1351 1814 vestris

258 1847 381 1901 comitiis
399 1847 559 1903 minoribus
577 1849 634 1903 iarn
653 1849 827 1904 instantibus

609 2191 732 2258 Doctor
755 2192 788 2256 in
813 2191 974 2258 medicina

194 2379 363 2438 Conceditur
379 2384 397 2438 9
413 2381 557 2437 Februarii
574 2381 709 2453 magistro
726 2382 807 2454 Bapt.
821 2382 891 2438 Trot
904 2389 935 2437 vt
949 2380 1077 2437 sudium
1089 2387 1197 2454 septem
1209 2400 1347 2438 annorum

261 2469 291 2524 in
308 2469 447 2526 medicina
462 2475 615 2542 postquam
631 2472 735 2526 rexerit
752 2471 781 2526 in
797 2469 908 2526 artibus
920 2487 985 2526 cum
997 2469 1224 2542 opposicionibus
1236 2489 1347 2543 respon-

260 2560 387 2616 sionibus
404 2561 561 2631 ceterisque
578 2559 718 2615 exercitiis
736 2577 785 2632 per
803 2563 913 2615 statuta
931 2560 1007 2630 regia
1024 2561 1170 2631 requisitis
1185 2561 1306 2615 sufficiat
1322 2561 1347 2615 ei

260 2649 295 2704 ad
314 2649 505 2721 incipiendum
522 2649 552 2703 in
568 2649 666 2704 eadem
683 2648 822 2704 medicina
865 2647 1033 2726 subscripsit
1050 2649 1184 2719 magister
1200 2648 1349 2720 Taylebois

261 2754 317 2792 non
329 2737 488 2808 acceptavit
501 2737 573 2792 hanc
584 2737 705 2808 gratiam
717 2741 747 2792 et
758 2736 894 2792 forisfecit
905 2755 964 2792 xrs

525 3075 758 3143 Bacchalaurei
779 3076 814 3142 in
832 3075 908 3164 jure
930 3075 1017 3142 civili

191 3257 360 3318 Conceditur
383 3263 514 3319 loronii
536 3263 667 3320 Michaeli
688 3263 797 3337 Brislay
815 3270 847 3320 vt
868 3264 996 3320 studium
1015 3282 1063 3320 sex
1083 3282 1222 3321 annorum
1241 3264 1270 3319 in
1289 3263 1349 3320 iurs

261 3349 337 3406 civili
361 3369 426 3408 curn
449 3353 677 3425 opposicionibus
701 3353 931 3426 responsionibus
957 3355 1112 3426 ceterisque
1138 3353 1277 3410 exercitiis
1300 3370 1350 3426 per

260 3443 371 3496 statuta
388 3441 463 3513 regia
480 3443 626 3514 requisitis
643 3443 765 3499 sufficiat
782 3445 808 3500 ei
826 3444 863 3500 ad
884 3444 1049 3500 intrandum
1068 3445 1097 3498 in
1115 3443 1213 3499 eodem
1230 3442 1291 3498 iure
1308 3443 1349 3498 ita
1375 3435 1378 3442 ⁴

261 3532 293 3583 vt
321 3530 489 3602 respondeat
519 3532 550 3587 in
579 3531 680 3588 habitu
705 3530 897 3589 bacchalaurei
942 3532 1050 3588 Eadem
1073 3532 1164 3604 gratia
1187 3531 1350 3588 conceditur

260 3618 357 3676 eodem
375 3619 419 3678 Jo.
439 3621 623 3694 Whightman

580 3956 703 4023 Doctor
724 3955 758 4021 in
777 3955 853 4042 jure
876 3954 965 4022 civili

191 4138 361 4197 Conceditur
382 4145 396 4197 l
416 4139 496 4197 Junii
516 4141 652 4214 magistre
668 4139 793 4201 iohanni
811 4141 913 4197 Cowell
931 4145 962 4197 vt
981 4141 1109 4198 studium
1128 4145 1144 4200 7
1162 4159 1301 4198 annorum
1316 4137 1349 4198 in

173 4299 176 4306 Ι
260 4229 321 4285 inre
338 4229 414 4288 civili
431 4236 583 4302 postquam
601 4230 705 4286 rexerit
722 4230 753 4285 in
773 4228 884 4286 artibus
904 4246 970 4285 oum
990 4229 1217 4303 opposicionibna
1237 4247 1350 4302 respon·

259 4315 388 4415 sionibus
403 4318 559 4390 ceterisque
574 4317 715 4374 exercitiis
726 4323 771 4374 etc
783 4317 905 4373 sufficiat
917 4317 943 4374 ei
955 4317 992 4374 sd
1005 4317 1198 4390 incipiendum
1210 4318 1240 4373 in
1252 4317 1350 4374 eodem

258 4420 322 4474 Jure
