3394 5114
796 360 909 411 usion
933 358 1026 410 soon
1049 359 1071 407 Δ
1347 341 1513 428 [1569-70

692 728 905 794 Bachalsurei
929 729 963 793 in
984 729 1059 814 jure
1082 727 1169 793 civili

358 897 528 954 Conceditur
540 903 569 953 2⁰
580 898 660 953 Junii
678 899 753 970 Step.
769 899 926 971 Brynckley
938 904 971 954 vt
987 898 1114 953 studium
1128 903 1294 953 sannorum
1312 897 1342 951 iu
1359 897 1419 950 iure
1435 893 1511 950 civili

426 987 547 1042 sufficiat
568 988 593 1041 ei
615 986 650 1041 ad
672 985 839 1040 intrandum
860 987 890 1040 in
911 986 1007 1041 codem
1030 987 1091 1040 inre
1112 987 1152 1040 sic
1174 990 1205 1039 vt
1226 989 1319 1039 vestra
1342 984 1512 1038 auctoritate

426 1074 593 1145 respondeat
610 1075 640 1128 in
656 1073 757 1128 habitu
773 1073 950 1129 bachalaurei
969 1076 999 1129 in
1019 1075 1154 1146 proximis
1169 1073 1292 1128 comitiis
1330 1073 1512 1127 Presentatus

425 1161 522 1216 eodem
534 1179 585 1232 per
595 1162 738 1216 doctorem
752 1163 857 1217 Harvie

355 1248 526 1304 Conceditur
539 1251 637 1304 eodem
649 1250 667 1303 J
670 1267 691 1306 o.
706 1249 849 1304 Cardinall
862 1256 894 1306 vt
906 1250 1033 1306 studium
1047 1255 1063 1303 5
1076 1268 1216 1305 annorum
1232 1250 1261 1304 in
1277 1250 1337 1304 iure
1354 1248 1430 1304 civili
1444 1265 1510 1302 cum

425 1338 652 1410 opposicionibus
664 1339 892 1409 responsionibus
904 1343 933 1394 et
944 1339 1008 1394 eliis
1020 1340 1160 1394 exercitiis
1177 1357 1226 1410 per
1242 1343 1352 1394 statuta
1366 1337 1512 1408 requisitis

425 1427 600 1498 perficiendis
616 1428 690 1482 inira
706 1445 814 1483 sunum
830 1447 880 1483 sue
896 1428 1076 1483 admissionis
1095 1428 1148 1483 sub
1166 1446 1239 1500 pena
1258 1428 1284 1498 vj
1294 1428 1314 1482 li
1333 1426 1462 1499 ponenda
1480 1425 1509 1478 in

424 1514 555 1568 manibus
567 1522 780 1586 procruatorum
792 1520 860 1570 ante
874 1517 936 1570 eius
950 1515 1151 1570 admissionem
1169 1515 1291 1570 sufficiat
1307 1516 1333 1570 ei
1349 1514 1385 1571 ad
1403 1515 1510 1568 intran-

424 1601 493 1656 dum
514 1604 544 1657 in
565 1603 663 1657 ecdem
683 1603 820 1659 facultate
856 1605 1039 1659 Pressntatus
1058 1604 1155 1659 eodem
1175 1623 1226 1676 per
1247 1605 1390 1659 doctorem
1411 1603 1510 1673 Harvy

425 1691 548 1761 (Peregrit
566 1692 661 1746 omnia
679 1693 778 1764 morq.)

354 1779 461 1834 Eadem
472 1781 563 1850 gratis
574 1799 639 1835 cum
652 1781 746 1836 studio
760 1783 776 1837 7
788 1800 928 1838 annorum
940 1782 1103 1837 conceditur
1117 1787 1150 1837 10
1162 1783 1179 1837 J
1183 1783 1241 1837 unii
1255 1781 1379 1836 Johanni
1392 1780 1511 1834 Waruer

424 1873 454 1921 et
466 1867 546 1923 Edm.
562 1869 651 1923 Hsrvi
693 1869 851 1924 Preseutati
864 1870 962 1925 eodem
974 1888 1024 1942 per
1036 1871 1179 1926 doctorem
1193 1871 1292 1925 Clarke
1329 1870 1511 1939 (Pcrcgemnt

425 1956 520 2010 omnia
538 1957 637 2028 incr-9.)

719 2284 877 2349 Doctores
900 2284 1029 2370 injure
1052 2285 1141 2350 civili

352 2456 522 2512 Conceditur
540 2461 573 2512 10
591 2457 687 2513 Martii
704 2458 838 2528 magistro
856 2457 979 2512 Roberto
993 2457 1098 2528 Bishop
1110 2461 1144 2512 vt
1155 2456 1283 2512 studium
1296 2463 1312 2512 6
1325 2474 1464 2511 annorum
1477 2456 1507 2510 in

418 2545 482 2615 juro
500 2544 575 2598 civili
595 2550 746 2615 postquam
765 2544 916 2598 rexeritis
934 2543 1045 2598 artibus
1062 2562 1127 2598 cum
1147 2544 1374 2615 opposicionibus
1395 2561 1507 2615 respon-

421 2631 549 2686 sionibus
560 2635 590 2687 et
602 2633 665 2686 nliis
678 2632 818 2687 exercitiis
831 2651 881 2702 per
892 2638 1003 2687 statuta
1017 2632 1162 2702 requisitis
1176 2633 1298 2687 sufficiat
1314 2633 1340 2686 ei
1357 2631 1392 2686 ad
1410 2632 1508 2702 incipi-

421 2721 525 2774 endum
537 2721 567 2774 in
579 2719 677 2773 codem
691 2720 751 2774 iure
788 2721 969 2774 Presentstus
981 2719 1079 2774 eodem
1092 2737 1142 2790 per
1154 2719 1296 2775 doctorem
1309 2719 1410 2774 Clnrke

352 2803 523 2863 Conceditur
536 2812 570 2862 10
581 2808 662 2862 Junii
679 2809 813 2878 magistro
829 2808 897 2862 Tho.
912 2809 1008 2879 Bynge
1026 2814 1056 2862 vt
1073 2808 1200 2863 studium
1217 2812 1233 2865 7
1248 2826 1386 2862 annorum
1403 2809 1432 2862 in
1449 2809 1509 2862 iure

422 2896 498 2952 civili
519 2899 671 2967 postquam
694 2896 796 2961 rexerit
818 2896 846 2949 in
869 2896 979 2950 artibus
1000 2914 1065 2950 cum
1088 2895 1312 2968 oppositionibus
1335 2900 1379 2950 etc
1404 2896 1508 2967 partim

422 2985 544 3056 peractis
556 2985 660 3055 partim
673 2984 837 3055 peragendis
849 2985 922 3039 inira
934 3003 1041 3038 annum
1053 3003 1103 3039 sue
1116 2984 1294 3040 admissionis
1306 2983 1360 3039 sub
1376 3002 1447 3055 pena
1463 2984 1509 3038 xii
1548 2987 1551 2991 ’

422 3073 552 3144 ponenda
564 3073 594 3127 in
608 3073 739 3127 manibus
751 3079 964 3142 procuratorum
977 3078 1044 3128 ante
1056 3074 1117 3128 eius
1129 3073 1330 3127 admissionem
1345 3073 1466 3127 sufficiat
1482 3072 1508 3127 ei

422 3161 459 3216 ad
471 3161 663 3232 incipiendum
675 3163 705 3214 in
717 3160 814 3214 codem
828 3162 888 3216 iure
900 3163 940 3216 sic
953 3166 985 3215 vt
997 3162 1058 3216 eius
1069 3161 1203 3216 cdmissio
1219 3165 1276 3215 stet
1294 3178 1344 3232 pro
1361 3161 1509 3232 completis

422 3249 509 3320 gradu
518 3253 548 3303 et
559 3249 648 3303 iormn
660 3247 824 3303 doctoratus
836 3249 865 3302 in
878 3249 975 3303 eadem
988 3249 1124 3303 facultate
1161 3249 1343 3303 Prescntatns
1352 3248 1447 3302 eodem
1458 3267 1508 3318 per

422 3337 565 3392 doctorem
578 3337 678 3393 Clurke

699 3683 913 3749 Bachaiaurei
936 3684 970 3748 in
993 3684 1160 3773 theologia

351 3852 519 3908 Conceditur
533 3854 566 3909 17
577 3852 674 3908 Martii
687 3853 811 3909 Henrico
823 3853 947 3910 Holland
959 3860 992 3909 vt
1003 3853 1131 3910 studium
1145 3861 1161 3910 5
1173 3873 1312 3910 annorum
1326 3855 1355 3909 in
1368 3856 1507 3927 theologis

420 3947 570 4014 postquem
587 3941 689 3996 rexerit
703 3941 734 3996 in
749 3941 859 3997 ortibus
876 3959 941 3998 cum
959 3942 1185 4014 oppositionibus
1202 3943 1433 4012 responsionibus
1449 3961 1505 3999 ser-

422 4028 552 4083 monibus
568 4031 598 4082 et
614 4028 677 4082 aliis
693 4029 834 4083 exercitiis
849 4047 899 4100 per
916 4033 1027 4084 statuta
1045 4029 1190 4100 requisitis
1207 4029 1329 4084 sufficiat
1347 4030 1372 4085 ei
1390 4037 1451 4085 tam
1469 4030 1506 4084 ad

421 4116 619 4188 opponendum
639 4133 726 4187 quam
747 4117 782 4172 ad
804 4116 969 4171 intrandum
990 4118 1020 4171 in
1041 4116 1280 4188 sacra-theologia
1325 4117 1507 4172 Presentstus

423 4210 456 4259 10
473 4205 554 4260 Junii
571 4222 621 4275 per
638 4205 780 4259 doctorem
801 4205 957 4276 Whitgyitc

351 4293 457 4349 Eadem
471 4294 563 4364 grstia
576 4293 739 4348 conceditur
759 4297 792 4347 10
808 4293 916 4364 Aprilis
933 4294 1067 4364 magistro
1084 4293 1235 4348 Laurentio
1253 4294 1405 4348 Banmwell
1443 4294 1506 4348 Pre-

420 4386 549 4436 sentntus
562 4398 612 4452 por
624 4379 766 4434 doctorem
779 4380 937 4451 Whitgyfte
