3376 5108
374 351 417 412 84
820 365 935 415 ennon
957 365 1051 415 noos
1074 365 1096 412 Δ
1366 351 1535 436 [1552-53

375 523 447 578 Item
468 523 632 579 conceditur
655 523 760 578 100001
779 523 909 578 Johnson
928 528 961 578 vt
982 528 1015 579 12
1037 523 1152 579 termini
1170 541 1236 579 curn
1259 542 1293 579 eo
1316 523 1346 579 in
1371 542 1427 596 quo
1445 524 1535 579 deter-

444 611 604 668 minaturus
628 612 658 666 in
677 611 782 683 quibus
802 611 937 668 lectiones
956 611 1112 668 ordinaries
1132 612 1244 668 audiuit
1263 612 1328 668 licet
1346 631 1402 669 non
1421 612 1535 667 omnino

444 699 600 754 secundum
612 698 732 754 formum
744 699 847 754 statuti
864 717 929 756 oum
946 699 1170 771 oppositionibus
1188 700 1416 772 responsionibus
1431 705 1462 754 et
1472 700 1535 754 eliis

445 788 584 844 exercitiis
602 805 652 859 per
670 788 746 858 regia
763 791 874 843 statuta
891 788 1036 860 requisitis
1053 788 1195 844 sufficient
1212 789 1238 843 ei
1256 789 1292 845 ed
1310 787 1533 861 respondendum

445 876 587 947 questioni

376 963 449 1019 Item
462 962 625 1018 comeditur
637 962 744 1018 Thome
755 962 867 1018 Wsttes
879 966 911 1018 vt
925 968 958 1019 12
971 965 1084 1020 termini
1101 965 1233 1036 completi
1245 965 1275 1020 in
1287 963 1391 1036 quibus
1403 964 1535 1020 lectiones

445 1050 601 1106 ordinaries
613 1067 663 1122 per
675 1051 809 1105 maiorem
822 1051 975 1122 partemin
992 1056 1053 1106 toto
1071 1051 1219 1107 audiuerat
1231 1069 1296 1106 oum
1312 1051 1535 1124 oppositionibus

446 1139 675 1212 responsionibus
687 1145 716 1195 et
724 1139 789 1195 aliis
796 1140 936 1195 exercitiis
945 1140 1024 1195 iuxta
1036 1145 1146 1196 statuta
1155 1141 1230 1212 regie
1239 1142 1383 1213 requisitis
1394 1141 1535 1197 sufficient

412 1284 417 1294 ,
446 1231 471 1285 ei
484 1229 520 1286 ed
532 1228 758 1301 respondendum
771 1229 912 1301 questioni

377 1319 482 1375 Eadem
502 1319 593 1390 gratia
613 1318 649 1374 de
668 1318 752 1373 verbo
771 1318 802 1373 in
822 1317 940 1374 verbum
959 1319 1122 1375 conceditur
1145 1318 1285 1374 Willelmo
1304 1317 1405 1373 Olarke
1429 1317 1535 1372 Thorne

446 1408 565 1481 Gleyton
577 1407 690 1463 Andros
702 1405 889 1479 Vxenbrydge
901 1413 930 1462 et
943 1406 1066 1462 Henrioo
1078 1407 1229 1463 Acworthe

377 1495 451 1551 Item
464 1495 627 1551 conceditur
638 1495 753 1550 eiiedem
765 1495 901 1566 superiori
914 1495 960 1550 die
970 1494 1102 1550 admissis
1114 1495 1150 1551 ed
1159 1494 1383 1567 respondendum
1396 1494 1535 1566 questioni

447 1586 477 1636 et
487 1581 650 1654 supradicto
665 1581 780 1636 dominc
796 1581 924 1637 Johnson
937 1585 969 1637 vt
985 1583 1095 1652 possint
1112 1583 1168 1637 ium
1185 1587 1250 1637 ectu
1265 1599 1326 1637 esse
1344 1581 1536 1637 bacchalaurei

447 1672 553 1726 crtium
573 1675 604 1725 et
621 1669 805 1726 nihilominus
824 1675 902 1726 stent
926 1687 991 1725 oum
1015 1671 1115 1726 ceteris
1138 1671 1167 1724 in
1193 1669 1405 1741 quadregesime
1427 1674 1458 1724 et
1480 1669 1536 1723 elie

447 1759 543 1814 omnia
553 1761 690 1831 peragent
701 1758 781 1813 iuxta
792 1757 912 1812 formam
924 1758 1027 1813 statuti
1039 1775 1071 1813 ec
1083 1759 1170 1812 etiam
1182 1758 1308 1813 ordinem
1318 1757 1410 1828 quoad
1422 1754 1535 1812 seniori·

448 1851 536 1901 tatem
551 1845 706 1916 suscipiant
718 1863 737 1900 0
747 1845 870 1900 dominis
882 1844 1109 1917 procuratoribus

378 1936 452 1991 Item
471 1935 633 1991 conceditur
651 1935 793 1990 Florentio
812 1934 979 1990 Bredshawc
997 1940 1029 1991 vt
1049 1939 1081 1989 12
1100 1935 1213 1990 termini
1232 1935 1263 1989 in
1282 1933 1387 2005 quibus
1403 1933 1536 1990 lectiones

447 2022 603 2078 ordinaries
619 2023 732 2078 audiuit
747 2023 813 2078 licet
832 2039 889 2076 non
907 2022 1022 2076 omnino
1040 2021 1194 2077 secundum
1213 2021 1333 2077 formam
1351 2021 1454 2076 statuti
1471 2038 1536 2077 oum

446 2109 670 2183 oppositionibus
694 2109 921 2182 responsionibus
944 2115 974 2165 et
997 2110 1061 2164 eliis
1083 2110 1224 2166 exercitiis
1248 2127 1299 2182 per
1322 2110 1398 2182 regie
1426 2113 1536 2165 statuta

447 2199 591 2270 requisitis
602 2198 744 2254 sufficient
755 2199 780 2253 ei
793 2197 829 2253 ed
842 2196 1067 2268 respondendum
1079 2198 1220 2269 questioni

378 2287 483 2343 Eadem
508 2287 600 2358 gratie
619 2286 655 2342 de
679 2285 763 2341 verbo
786 2287 817 2340 in
841 2285 958 2340 verbum
982 2285 1146 2340 conceditur
1169 2285 1276 2341 Thorne
1300 2286 1410 2341 Culcott
1429 2286 1536 2340 Thome

449 2374 619 2448 Dyokynson
632 2373 772 2429 Willelmo
785 2374 904 2430 Pachett
916 2379 945 2429 et
957 2373 1075 2444 Georgio
1087 2373 1203 2446 Otweye

255 2532 275 2590 f·
294 2533 331 2590 34
347 2553 365 2589 a
380 2544 453 2599 item
466 2543 628 2599 conceditur
640 2542 763 2598 Roberto
772 2541 854 2597 Shaw
867 2548 899 2596 vt
909 2546 943 2596 12
952 2541 1065 2596 termini
1076 2559 1140 2596 cum
1151 2559 1183 2597 eo
1192 2542 1221 2596 in
1231 2559 1287 2612 quo
1298 2542 1537 2598 determinaturus

449 2637 494 2686 est
506 2632 535 2686 in
547 2631 652 2702 quibus
663 2631 797 2686 lectiones
809 2630 964 2685 ordinarias
980 2628 1091 2685 audiuit
1107 2630 1172 2684 licet
1184 2647 1240 2684 non
1256 2631 1371 2685 omnino
1382 2629 1536 2685 secundum

450 2719 570 2774 fonnem
581 2719 683 2773 statuti
693 2736 759 2773 oum
768 2717 992 2790 oppositionibus
1004 2722 1033 2772 et
1044 2717 1271 2790 responsionibus
1283 2736 1333 2790 per
1345 2720 1420 2789 regie
1428 2723 1537 2773 statuta

449 2807 593 2879 requisitis
605 2808 746 2862 sufficient
758 2808 783 2862 ei
796 2807 832 2862 ad
844 2806 1070 2878 respondendum
1081 2809 1223 2878 questioni

380 2895 485 2951 Eadem
497 2895 589 2966 gretie
600 2895 635 2950 dc
647 2895 731 2950 verbo
744 2895 773 2949 in
786 2894 902 2950 verbum
914 2895 1077 2950 conceditur
1088 2895 1228 2950 Willelmo
1241 2896 1423 2951 Sewnderson

381 2985 454 3040 Item
472 2983 635 3038 conceditur
650 2983 754 3038 Jcsnni
769 2983 886 3038 Wetson
906 2988 936 3038 vt
953 2983 1080 3039 studium
1097 2988 1219 3055 quatuor
1234 3003 1371 3040 annorum
1388 2986 1417 3039 in
1434 2983 1537 3055 quibus

450 3072 583 3128 lectiones
590 3073 746 3127 ordinarias
755 3071 867 3127 audiuit
875 3073 941 3128 licet
951 3092 1007 3128 non
1017 3075 1130 3128 omnino
1140 3074 1293 3129 secundum
1303 3075 1422 3130 formem
1434 3074 1536 3129 statuti

450 3181 515 3217 curn
527 3161 751 3234 oppositionibus
763 3161 992 3232 responsionibus
1003 3168 1033 3217 et
1045 3162 1108 3217 eliis
1124 3163 1263 3217 exercitiis
1279 3179 1329 3234 per
1340 3163 1417 3232 regia
1427 3166 1536 3217 statute

450 3250 593 3320 requisitis
604 3251 745 3305 sufficient
757 3250 782 3304 ei
795 3250 830 3304 ed
844 3249 1066 3321 respondendum
1079 3250 1219 3320 questioni

382 3339 455 3394 item
467 3338 629 3394 conceditur
640 3339 743 3394 100001
757 3339 858 3393 Cowell
871 3343 903 3393 vt
917 3340 1071 3394 letemini
1083 3339 1111 3394 in
1124 3340 1228 3410 quibus
1239 3339 1371 3394 lectiones
1383 3339 1537 3394 ordinaries

451 3425 562 3482 audiuit
570 3426 637 3481 licet
646 3444 702 3481 non
712 3425 827 3480 omnino
836 3426 991 3481 secundum
1000 3426 1118 3481 formem
1128 3427 1230 3482 statuti
1239 3444 1304 3482 cum
1314 3425 1537 3498 oppositionibus

452 3514 678 3586 responsionibus
690 3519 719 3570 et
730 3515 793 3569 eliis
802 3515 941 3574 exercitiis
950 3517 1029 3570 iuxts
1037 3521 1147 3572 stetute
1158 3517 1233 3587 regia
1241 3516 1385 3587 requisitis
1396 3516 1537 3572 sufficiant

451 3604 476 3658 ei
489 3602 760 3674 sdrespondendum
774 3604 914 3673 questioni
1138 3641 1142 3654 .

383 3691 487 3747 Eadem
506 3693 597 3762 gretie
614 3691 648 3746 de
667 3691 751 3746 verbo
769 3692 797 3746 in
817 3691 933 3746 verbum
952 3691 1114 3747 conceditur
1133 3693 1254 3747 Hernico
1272 3691 1401 3763 Wcorley
1420 3692 1537 3763 Georgio

453 3781 555 3851 Bullyn
569 3781 686 3852 Georgic
699 3781 783 3835 Betcs
797 3780 935 3836 Richardo
947 3779 1124 3853 Armys[t]ed
1136 3786 1166 3835 et
1178 3779 1195 3835 J
1196 3781 1280 3835 cenni
1294 3780 1414 3836 Randsll

384 3871 621 3925 Determinetores
639 3869 744 3940 collegii
764 3870 875 3940 Regalis
893 3871 945 3925 hoo
961 3888 1036 3925 0000
1050 3869 1155 3941 quibus
1173 3871 1263 3941 petite
1279 3871 1371 3941 gratie
1388 3869 1466 3925 nulla
1481 3869 1538 3924 fuit

453 3975 503 4012 nec
516 3957 572 4013 vlle
583 3974 713 4012 concessa
724 3957 897 4028 dispensatio
909 3960 976 4012 sunt
988 3957 1093 4011 domini
1107 3956 1224 4011 Carolus
1239 3955 1382 4028 Fyzwater
1393 3956 1537 4012 Adrianus

452 4049 554 4120 Scrope
561 4047 684 4102 Thomas
693 4047 827 4118 Hartleye
836 4046 993 4102 Willelmus
1001 4045 1102 4117 Kynge
1109 4047 1127 4102 J
1129 4045 1253 4102 ohannes
1261 4045 1366 4102 Berker
1374 4045 1537 4117 Rodolphus

452 4135 649 4208 Weddyngton
662 4133 820 4190 Willelmus
832 4134 939 4206 Melym

384 4225 456 4280 Item
469 4223 631 4280 conceditur
642 4224 659 4278 J
662 4224 745 4279 oanni
758 4225 855 4295 Rugge
870 4228 902 4278 vt
919 4228 952 4279 12
968 4223 1082 4279 termini
1098 4223 1229 4294 completi
1242 4224 1272 4278 in
1289 4223 1392 4294 quibus
1403 4223 1537 4279 lectiones

452 4313 607 4369 ordinarias
624 4312 735 4369 audiuit
752 4313 818 4368 lieet
836 4329 892 4368 non
911 4312 1025 4368 omnino
1042 4311 1196 4368 secundum
1214 4313 1333 4368 formem
1351 4313 1452 4369 statuti
1470 4329 1536 4368 cum
