3376 5108
182 359 349 442 1555-56]
611 372 725 420 esses
748 371 840 418 soor
864 371 887 418 Δ
1276 352 1337 414 111

181 531 258 586 Item
281 529 445 586 comeditur
466 530 585 600 Georgio
610 528 755 584 Burdmou
779 526 927 583 duodecim
952 524 1055 580 ubbino
1078 523 1161 578 ennis
1181 522 1211 576 in
1232 520 1342 576 artibus

252 619 428 676 buecheleric
445 619 563 675 Oxoniis
579 622 612 674 vt
628 618 667 674 sit
684 619 730 674 hic
746 617 821 689 opud
839 633 889 671 vos
907 616 937 670 in
955 614 1052 670 eodem
1071 611 1159 685 gredu
1174 629 1232 683 quo
1249 611 1342 666 fueret

255 706 360 763 ibidem

229 1035 397 1102 Numerus
419 1034 726 1101 becchaleureorum
750 1033 785 1098 in
807 1032 934 1098 artibus
959 1031 1053 1096 iuxta
1077 1029 1298 1096 senioritetem

302 1159 420 1225 Pultou
445 1165 522 1223 ectu
544 1156 799 1223 bacchelunreus
821 1164 900 1220 ante
922 1152 1230 1220 determinsoionem

353 1341 502 1397 ¹Bowhom
691 1342 843 1413 Atkyuson
995 1339 1095 1410 Pleyce

366 1431 470 1486 Perker
691 1430 813 1485 Munson
993 1426 1103 1484 Sedook

364 1520 523 1576 Sberbrook
689 1519 778 1576 Wood
994 1518 1149 1588 Howgreve

364 1609 432 1664 Hsll
689 1609 850 1665 Obstborne

365 1698 467 1754 Hewes
689 1697 795 1753 Newell

364 1785 458 1857 Byrdc
689 1786 784 1840 livens

365 1875 468 1930 Remos
691 1876 787 1947 Bynge

365 1962 521 2018 Sbeoklock
692 1963 812 2034 Scroope

366 2049 440 2104 Rust

365 2139 435 2209 Hyll

365 2226 509 2298 Asplende

365 2315 498 2386 Shclytoo

366 2403 481 2474 Otwoye

590 2739 738 2825 Magistri
762 2738 796 2802 in
819 2738 947 2803 artibus
1023 2689 1043 2714 ι
1361 2767 1381 2826 f.
1398 2766 1437 2825 44
1451 2785 1470 2822 e

189 2933 225 2988 In
242 2932 342 3004 primis
358 2930 521 2986 conceditur
536 2929 652 2984 domino
670 2928 768 3000 Lukyn
781 2933 813 2982 vt
830 2946 930 2983 novem
948 2930 1061 2984 termini
1079 2933 1143 3000 post
1158 2929 1270 2984 finalem
1286 2931 1348 2985 eius

260 3017 523 3074 determinationem
548 3017 578 3071 in
602 3015 706 3088 quibus
730 3016 865 3070 lectiones
889 3015 1044 3071 ordinarias
1068 3016 1179 3071 audiuit
1202 3017 1268 3072 licet
1291 3035 1347 3072 non

261 3107 376 3161 omnino
394 3105 550 3161 secundum
569 3105 688 3159 sormam
707 3104 811 3158 statuti
831 3121 895 3158 cum
915 3103 1008 3159 tribus
1026 3104 1254 3175 responsionibus
1273 3105 1348 3159 suffi-

261 3193 339 3248 cient
350 3193 376 3247 ei
389 3191 425 3247 sd
437 3189 629 3263 incipiendum
641 3191 671 3245 iu
683 3189 793 3244 ortibus

190 3281 297 3336 Eodem
317 3281 409 3353 gretie
429 3279 465 3335 de
484 3278 570 3334 verbo
588 3280 618 3333 in
637 3277 755 3334 verbum
772 3278 935 3334 conceditur
952 3278 1076 3334 dominis
1092 3281 1194 3334 Ourios
1213 3280 1348 3352 Hertcley

262 3369 411 3425 Armested
431 3368 536 3424 Peobet
553 3373 583 3423 et
602 3366 787 3437 Longworths

190 3459 266 3514 Item
287 3455 449 3513 conceditur
469 3454 584 3511 domino
606 3455 751 3510 Burdman
770 3459 803 3509 vt
823 3458 882 3510 tres
903 3455 1019 3510 termini
1040 3455 1093 3510 hec
1115 3457 1144 3510 in
1164 3457 1350 3512 uniuersitute

261 3545 415 3616 inquibus
437 3544 572 3599 lectiones
593 3543 749 3598 ordinaries
768 3543 880 3598 audiuit
900 3543 966 3598 licet
985 3561 1041 3598 non
1062 3543 1177 3598 omnino
1196 3544 1349 3599 secundum

262 3637 382 3691 formam
403 3634 507 3690 stetuti
528 3651 593 3689 cum
615 3633 708 3689 tribus
729 3633 959 3704 responsionibus
983 3635 1126 3689 sufficient
1147 3635 1172 3689 ei
1193 3635 1229 3690 sd
1251 3635 1350 3707 incipi-

263 3723 369 3779 endum
387 3723 417 3777 in
436 3721 546 3777 ortibus

191 3813 267 3868 item
286 3809 449 3867 conceditur
467 3809 583 3890 domino
602 3809 727 3882 Sprygbt
745 3815 777 3864 vt
796 3813 814 3866 9
832 3809 947 3864 termini
968 3815 1033 3881 post
1052 3810 1164 3865 finalem
1183 3810 1243 3865 eius
1261 3810 1351 3866 deter-

262 3899 450 3955 minecionem
467 3897 497 3952 in
511 3897 616 3969 quibus
632 3899 767 3954 lectiones
783 3899 940 3954 ordinaries
955 3897 1067 3954 audiuit
1083 3899 1149 3954 licet
1165 3917 1220 3954 non
1237 3900 1352 3954 omnino

262 3987 417 4044 secundum
435 3987 555 4042 formem
573 3988 676 4043 stetuti
695 4005 759 4043 cum
778 3987 871 4043 tribus
889 3987 1119 4059 responsionibus
1139 3989 1280 4042 sufficiant
1297 3987 1352 4044 sibi

263 4077 299 4134 ed
310 4076 505 4149 incipiendum
518 4078 546 4132 in
560 4077 671 4133 ortibus

192 4165 300 4223 Eodem
320 4166 412 4236 gretie
431 4164 466 4220 de
485 4163 571 4219 verbo
592 4165 623 4218 in
642 4163 760 4219 verbum
780 4164 943 4220 conceditur
961 4164 1083 4221 dominis
1101 4163 1235 4220 Abctbell
1255 4165 1354 4221 Foster

265 4254 399 4314 Pbithien
411 4253 531 4308 Wutson
543 4257 573 4307 et
586 4253 686 4307 Burett

258 4427 267 4460 ¹
285 4427 369 4478 These
381 4442 473 4478 nomes
485 4443 528 4478 ere
539 4425 665 4490 emnged
677 4426 705 4476 in
717 4441 767 4477 one
778 4426 883 4477 column
896 4427 973 4490 along
985 4427 1028 4478 the
1041 4427 1141 4478 bottom
1153 4428 1181 4478 oi
1191 4429 1210 4478 1.
1222 4429 1254 4479 te
1263 4442 1287 4478 s.
