3376 5108
194 345 358 434 1553-54]
631 365 744 416 casca
767 325 858 416 soon¹
882 367 905 415 η

258 873 489 957 [1553-1554
534 877 707 944 Accession
730 877 766 942 cf
783 876 900 958 Quaen
924 877 1017 964 Mary
1041 881 1060 944 6
1083 877 1163 965 July
1187 877 1287 962 1553]
1355 947 1359 958 ,

193 1079 306 1148 Gratia
321 1106 469 1152 concesse
490 1087 524 1152 in
548 1087 646 1173 plena
665 1089 918 1174 congregacione
941 1085 1140 1172 Regentium
1163 1093 1197 1150 et
1218 1106 1279 1148 non
1301 1089 1382 1152 rei.
1401 1091 1474 1152 361)

278 1191 427 1274 gentium
450 1212 470 1254 a
490 1191 574 1256 festo
595 1193 699 1257 sancti
723 1191 893 1258 Michaelis
915 1191 1099 1277 archangeli
1122 1211 1207 1256 anno
1227 1188 1349 1254 domini

281 1298 364 1362 1653
395 1318 494 1384 usque
520 1297 560 1362 ad
592 1296 678 1364 idern
711 1298 830 1362 festum
857 1321 897 1362 ex
929 1309 1009 1364 ωηο
1035 1296 1181 1384 proxime
1211 1317 1350 1381 sequens

280 1398 407 1466 Joanne
437 1401 552 1486 Yonge
582 1423 671 1466 sacre
698 1399 861 1488 theologie
891 1402 1069 1488 professore
1100 1411 1178 1466 tunc
1208 1400 1350 1464 vicecan-

281 1504 410 1570 cellario
427 1515 461 1572 et
476 1505 602 1571 Thema
618 1505 779 1572 Gardiner
794 1515 828 1571 et
845 1507 987 1572 Henrico
1004 1505 1122 1592 Barley
1137 1505 1257 1570 artium
1278 1526 1349 1590 pro-

281 1607 455 1674 fessoribus
478 1618 557 1674 ωηο
580 1609 842 1695 procuratoribus

193 1871 348 1942 inprimis
370 1871 533 1927 conceditur
557 1876 589 1927 vt
613 1890 710 1928 omnes
732 1873 822 1944 gratie
845 1870 1020 1928 admittenda
1044 1889 1095 1944 per
1117 1870 1263 1927 dominum
1287 1890 1349 1944 pro·

262 1959 457 2014 cancellarium
475 1959 602 2016 doctores
620 1961 771 2032 Atkynson
789 1966 819 2014 et
835 1959 953 2031 Gryffyn
969 1965 999 2014 et
1018 1959 1167 2030 magistros
1183 1960 1302 2032 Moptyd
1320 1967 1350 2018 et

264 2044 414 2119 Robynscn
427 2049 537 2120 possint
548 2065 710 2104 concinnere
722 2049 752 2104 in
765 2055 887 2118 quatuor
898 2046 1158 2119 congregationibus
1169 2048 1252 2104 istius
1264 2051 1331 2104 anni

550 2454 782 2521 Bacchalaurci
804 2455 839 2520 in
862 2455 989 2521 artibus

194 2644 229 2699 In
247 2643 346 2716 primis
365 2643 528 2699 mnosditur
548 2641 671 2698 Rcberto
693 2643 834 2698 Firbsnke
852 2648 885 2698 vt
902 2643 1048 2699 duodecim
1066 2644 1181 2699 termini
1198 2645 1228 2700 in
1247 2644 1351 2717 quibus

263 2731 396 2786 lectiones
408 2730 564 2786 ordinarias
573 2730 685 2786 audiuit
693 2730 760 2786 licet
769 2749 825 2785 non
834 2731 949 2786 omnino
956 2731 1109 2787 secuudum
1119 2732 1238 2787 formam
1247 2733 1350 2787 statuti

263 2837 327 2875 cum
348 2819 572 2891 oppositionibus
591 2825 620 2874 et
638 2819 867 2892 responsionibus
884 2822 1029 2893 requisitis
1048 2822 1189 2877 sufficiant
1207 2823 1233 2877 ei
1254 2821 1290 2877 ad
1308 2841 1349 2877 re-

263 2907 456 2980 spondendum
470 2908 611 2979 questioni

192 2997 298 3053 Eadem
317 2997 409 3068 gratia
425 2996 461 3051 de
482 2995 566 3051 verbo
586 2996 616 3051 in
637 2995 755 3052 verbum
779 3015 910 3052 concessa
933 3003 978 3052 est
1002 2997 1151 3054 Wilhelmc
1176 2997 1348 3054 Richardson

262 3085 386 3141 Robertc
399 3085 498 3140 Bolton
512 3084 630 3155 Georgic
642 3085 756 3141 Wslker
769 3085 922 3141 Humiridc
935 3087 1056 3158 Puryr‘ye
1073 3087 1209 3144 Eilwardo
1222 3087 1348 3159 Willryn·

262 3193 313 3230 son
325 3174 344 3229 J
345 3173 429 3230 oanni
442 3172 533 3227 Broke
544 3172 563 3227 J
564 3173 648 3227 oanni
661 3171 772 3228 Wattes
784 3179 814 3230 et
826 3175 977 3230 Guillelmo
989 3175 1094 3230 Betson

193 3261 267 3318 Item
279 3261 442 3317 conceditur
453 3261 594 3316 Willelmo
610 3261 721 3332 Agarde
738 3269 770 3316 vt
788 3268 821 3317 12
837 3263 952 3318 termini
964 3264 993 3317 in
1009 3263 1112 3334 quibus
1128 3263 1260 3319 lectiones
1276 3265 1349 3320 ordi-

261 3352 356 3406 narias
371 3349 482 3405 audiuit
497 3350 565 3404 licet
581 3367 637 3404 ηοη
654 3350 769 3404 omnino
785 3350 939 3406 secundum
957 3353 1076 3406 formam
1094 3353 1195 3407 statuti
1212 3369 1268 3406 vna
1283 3369 1348 3408 curn

262 3436 486 3510 oppositionibus
510 3437 739 3509 responsionibus
762 3442 792 3492 et
816 3438 879 3492 aliis
905 3439 1044 3493 exercitiis
1068 3456 1117 3509 per
1141 3439 1216 3510 regia
1239 3444 1349 3494 statuta

264 3525 406 3597 requisitis
424 3524 565 3580 sufficiant
583 3525 608 3578 ei
626 3524 663 3579 sd
681 3524 905 3595 respondendum
922 3525 1062 3597 questioni

192 3614 266 3670 Item
287 3613 449 3670 conceditur
468 3612 630 3667 Alexandro
648 3612 761 3668 Smitho
778 3619 811 3668 vt
828 3614 956 3669 vndecim
976 3615 1089 3670 tormini
1108 3632 1172 3671 cum
1189 3632 1223 3670 eo
1243 3615 1272 3670 iu
1292 3632 1348 3685 quo

262 3702 501 3758 determinaturus
522 3705 566 3756 est
588 3701 617 3756 in
642 3701 747 3772 quibus
770 3703 926 3758 ordinarias
949 3702 1083 3759 lectiones
1105 3702 1217 3759 audiuit
1240 3708 1269 3758 et
1292 3703 1347 3758 dis-

261 3790 376 3861 putauit
399 3789 466 3843 licet
489 3805 545 3843 non
569 3788 684 3844 omnino
708 3789 863 3845 secundum
886 3791 1006 3845 formam
1032 3791 1134 3846 statuti
1158 3791 1299 3847 sufficiant
1322 3793 1348 3846 ei

261 3876 296 3932 ed
315 3875 540 3947 respondendum
558 3876 700 3947 questioni

190 3965 297 4021 Eadem
308 3965 399 4037 gratia
411 3964 447 4021 de
461 3963 546 4020 verbo
563 3965 592 4020 in
611 3965 728 4021 verbum
745 3965 908 4020 conceditur
924 3965 1063 4022 Gulielmc
1079 3967 1185 4040 Alveye
1196 3973 1226 4024 et
1242 3968 1349 4025 'rhome

190 4052 451 4192 Immobbfheceditm
474 4134 582 4191 Thome
607 4136 756 4192 Acworthe
779 4144 811 4192 vt
837 4141 870 4192 12
897 4139 1011 4193 termini
1035 4139 1064 4194 in
1089 4139 1192 4210 quibus
1216 4141 1348 4197 lectiones

261 4223 415 4279 ordinarias
432 4222 546 4279 audiuit
563 4224 628 4280 licet
645 4242 702 4281 nou
720 4226 835 4282 omnino
854 4227 1008 4283 secundum
1027 4229 1145 4284 formam
1164 4231 1266 4285 statuti
1282 4248 1348 4286 cum

260 4311 484 4384 oppositionibus
494 4317 525 4368 et
536 4314 763 4386 impensionibus
774 4321 805 4370 et
822 4315 885 4371 aliis
897 4316 1037 4371 exercitiis
1052 4317 1195 4388 requisitis
1206 4319 1348 4375 sufficiant

259 4401 285 4456 ei
296 4400 333 4456 ad
344 4401 571 4473 respondendum
583 4404 724 4473 questioni
