3408 5116
209 360 374 446 1576-77]
650 375 766 424 ennon
788 373 880 422 soon
904 375 926 422 Δ

558 831 647 896 Ordo
669 829 869 896 senior-itatis
890 830 1020 916 rcnrpic

389 1048 401 1098 l
422 1043 488 1099 (lole
682 1047 698 1100 7
717 1043 908 1099 Goldisborcw
1018 1047 1051 1098 13
1070 1044 1174 1098 Mowse

388 1133 518 1188 nnllein
682 1138 699 1186 8
718 1133 829 1204 Oooney
1019 1137 1051 1187 lr
1070 1133 1192 1204 Briskyn

389 1227 406 1276 3
425 1221 582 1292 Browuyng
682 1225 699 1276 9
717 1220 837 1292 Tyndall
1019 1225 1051 1274 lb
1070 1220 1160 1274 Bona

389 1315 406 1364 4
425 1311 540 1365 Murton
669 1314 702 1363 10
720 1309 846 1381 Lyndley
1019 1312 1053 1364 16
1071 1306 1177 1363 Webbe

389 1402 405 1449 b
425 1397 528 1450 Dariea
669 1401 698 1450 ll
720 1394 808 1450 Wood
1021 1399 1052 1450 17
1072 1392 1172 1448 Rudde

388 1490 405 1540 6
424 1485 520 1540 Horne
668 1490 700 1539 la
720 1485 856 1556 Gopcctes
1020 1487 1052 1538 18
1073 1483 1169 1537 Porter

236 1900 358 1966 Gratim
381 1924 445 1966 non
468 1910 699 1967 concernentes
721 1900 858 1986 gradum
881 1910 940 1966 aut
963 1902 1098 1966 formam
1122 1901 1346 1967 scholasticam

214 2115 384 2171 Conceditur
408 2120 443 2172 26
467 2116 598 2171 Octobris
621 2121 653 2170 vt
681 2117 813 2187 magister
837 2116 995 2170 Willelmus
1025 2115 1134 2171 Fenton
1164 2116 1204 2171 sit
1233 2133 1306 2170 vnus
1335 2133 1369 2170 ex

288 2209 320 2258 12
338 2203 560 2276 predicatoribus
577 2205 630 2258 hoc
647 2205 771 2276 presenti
789 2221 865 2258 enno
883 2221 933 2276 per
950 2204 1121 2260 academiam
1144 2205 1309 2260 emittendis
1328 2205 1369 2259 sic

285 2299 318 2348 vt
343 2311 428 2366 snper
454 2294 506 2349 hec
532 2299 626 2350 vestra
651 2295 829 2350 concessione
854 2296 952 2351 literns
981 2294 1084 2350 habeat
1113 2295 1250 2366 sigillatas
1278 2294 1369 2366 sigillo

287 2387 379 2438 vestro
397 2384 540 2438 communi

216 2470 322 2526 Eadem
338 2473 429 2543 gretia
444 2471 608 2527 conceditur
622 2471 666 2527 Jo.
683 2471 841 2543 Maplisden
877 2475 895 2527 9
911 2471 1079 2528 Novembris
1096 2473 1230 2544 magistro
1247 2473 1371 2530 Martine'

287 2560 426 2616 Williams
441 2561 650 2632 rumpentes
690 2561 790 2615 ultimo
809 2560 977 2616 Novembris
996 2561 1119 2616 Roberto
1138 2561 1225 2617 Banu
1266 2566 1283 2616 8
1302 2561 1370 2616 Feb·

287 2651 373 2705 ruurii
385 2651 520 2720 magistro
534 2651 656 2704 Rcbertc
669 2650 695 2704 N
697 2656 793 2720 orgate
804 2650 939 2720 magistro
951 2648 999 2703 W⁰
1010 2649 1161 2721 Atkynscn
1197 2655 1214 2705 9
1227 2650 1371 2706 Februarii

288 2741 423 2810 magistro
447 2739 515 2795 Tho.
542 2739 661 2811 Smythe
686 2738 821 2795 le'redo
844 2737 965 2810 Tyndull
991 2742 1022 2792 et
1049 2743 1084 2792 29
1107 2739 1215 2809 Aprilis
1238 2739 1372 2809 magistro

289 2829 403 2899 Hugoni
421 2828 527 2882 Boothe
563 2829 601 2882 Et
617 2832 634 2882 8
651 2829 747 2882 Martii
765 2829 845 2882 litere
860 2827 987 2896 magistri
1004 2827 1047 2882 Jo.
1062 2827 1186 2898 Tuydall
1202 2832 1373 2882 renovantur

287 2922 317 2972 et
333 2921 367 2971 28
385 2918 481 2971 Martii
498 2916 579 2971 litere
595 2917 722 2986 magistri
736 2916 868 2971 Willclmi
885 2917 1006 2972 Stanton

218 3005 388 3062 Conceditur
405 3008 420 3062 7
436 3004 597 3060 Decembris
609 3011 642 3059 vt
657 3005 791 3076 magister
802 3004 900 3058 doctor
912 3003 1073 3058 Ohadertcn
1085 3005 1218 3075 magister
1235 3004 1371 3059 chland

288 3099 318 3150 et
329 3095 463 3165 magister
480 3092 643 3148 Hammond
659 3093 723 3147 aule
738 3092 888 3147 Trinitatis
904 3092 964 3146 sint
980 3092 1085 3147 iudices
1102 3094 1132 3148 in
1150 3110 1235 3149 causa
1250 3093 1371 3164 appella-

289 3183 377 3238 cionis
394 3182 437 3236 Jo.
458 3180 605 3236 Edmunds
622 3185 653 3234 et
671 3179 746 3234 Nece

220 3271 390 3327 Conceditur
406 3275 421 3328 7
440 3269 602 3324 Decembris
619 3274 651 3323 vt
668 3286 760 3323 sermo
777 3267 813 3323 ad
831 3267 936 3323 clerum
954 3268 991 3324 ad
1007 3286 1091 3340 quem
1109 3275 1223 3325 tenetur
1241 3271 1374 3341 magister

290 3358 395 3430 Gilpyn
416 3359 526 3412 ratione
546 3358 650 3427 gradm
670 3357 715 3412 sui
736 3357 859 3428 suscepti
881 3357 971 3428 possit
989 3357 1094 3412 differri
1115 3359 1265 3414 infestum
1289 3360 1373 3414 Pasce

290 3449 448 3521 proximum
466 3448 594 3501 futurum
613 3447 748 3518 quoniam
769 3446 889 3515 negociis
910 3445 1063 3517 impeditus
1083 3450 1150 3501 ante
1171 3446 1240 3502 illud
1262 3451 1375 3518 tempus

290 3539 387 3594 adesse
405 3555 461 3591 non
479 3537 569 3607 possit
588 3536 672 3608 idque
689 3535 743 3590 sub
761 3552 834 3607 pena
851 3536 1003 3607 superioris
1020 3553 1070 3591 sue
1087 3537 1226 3592 cautionis

221 3627 303 3683 Mem.
317 3626 392 3698 quod
409 3626 483 3680 idem
497 3626 630 3695 magister
642 3624 746 3696 Gilpyn
758 3625 894 3679 forisfecit
906 3625 1065 3680 cautionem
1077 3642 1158 3679 suem
1171 3627 1221 3681 vin
1235 3626 1275 3697 iiij
1285 3627 1304 3680 li

220 3716 390 3772 Conceditur
403 3721 437 3769 25
446 3715 574 3768 ianuarii
587 3731 652 3769 cum
661 3713 722 3767 dies
730 3712 767 3768 ad
778 3713 1000 3784 philosophicam
1009 3712 1230 3785 disputationem
1239 3715 1375 3784 assignati

291 3822 341 3876 per
359 3809 500 3859 statutum
523 3820 578 3857 non
600 3803 744 3857 sufficiunt
762 3804 916 3874 incepturis
938 3803 989 3857 hoc
1010 3821 1083 3857 anuo
1104 3803 1134 3856 in
1153 3802 1263 3858 artibus
1283 3805 1375 3874 placet

292 3893 371 3950 vobis
382 3896 415 3946 vt
426 3891 634 3961 disputationes
646 3891 716 3944 fiant
727 3889 827 3944 diebus
836 3890 954 3945 Veneris
965 3897 995 3946 et
1007 3891 1122 3947 Saturni
1134 3893 1163 3946 in
1176 3892 1375 3965 philosophicis

291 3981 395 4036 scholis
410 3976 447 4034 ab
464 3979 531 4033 horu
549 3996 622 4032 noun
638 3978 673 4032 ud
687 3977 861 4033 vndecimam
879 3980 1001 4050 presenti
1018 3979 1106 4034 allero
1123 3986 1334 4051 procuratorum
1345 3989 1376 4038 et

291 4089 326 4124 ex
343 4068 458 4123 bedellis
471 4085 525 4122 vno
539 4067 588 4138 qui
606 4066 695 4138 pridie
711 4066 812 4121 saltem
829 4067 954 4122 eiusdem
971 4068 1025 4122 diei
1043 4068 1197 4124 ordinarios
1213 4069 1330 4126 lectores
1346 4073 1375 4126 in

292 4157 411 4230 publicis
423 4156 526 4210 scholis
538 4160 702 4226 prcmoneut
713 4155 809 4210 future
820 4155 1023 4226 disputacionis

222 4245 392 4304 Conceditur
410 4249 426 4298 8
447 4242 591 4298 Februarii
609 4242 652 4298 Jc.
674 4243 822 4314 Kyngslon
840 4247 872 4297 vt
890 4243 929 4297 sit
947 4243 992 4297 hic
1010 4242 1085 4315 apud
1103 4262 1153 4298 vos
1170 4244 1305 4302 librorum
1324 4247 1375 4303 im·
1388 4250 1409 4310 1.
1428 4251 1481 4310 121
1500 4252 1520 4308 b

292 4351 402 4407 pressor
417 4338 447 4387 et
462 4349 547 4403 super
561 4333 614 4386 hac
625 4332 800 4388 concessione
812 4337 906 4386 restra
917 4332 1013 4389 literas
1025 4331 1127 4388 habeat
1138 4334 1275 4405 sigillatas
1286 4337 1376 4409 sigillo

292 4429 385 4480 vestro
397 4421 539 4476 communi
