3378 5116
777 374 891 425 orror
913 373 1006 426 soon
1029 376 1052 423 Δ
1331 353 1496 442 [1556-57

684 882 916 949 Bacchelsurei
939 882 973 947 in
997 880 1160 968 theologia

343 1071 377 1127 In
393 1071 493 1144 primis
507 1070 669 1126 comeditur
682 1070 816 1141 magistro
829 1069 941 1141 Perkyn
954 1075 986 1125 vt
997 1067 1125 1124 studium
1137 1071 1153 1124 7
1166 1083 1304 1124 annorum
1317 1067 1347 1122 in
1359 1065 1498 1137 theologia

413 1165 564 1232 postquem
580 1160 684 1214 rexerit
700 1160 730 1214 in
746 1157 856 1214 artibus
873 1177 937 1214 oum
954 1158 1063 1214 duobus
1079 1156 1255 1213 sermonibus
1269 1174 1324 1212 vno
1340 1156 1376 1211 ed
1392 1156 1497 1211 clerum

412 1249 501 1304 altero
518 1249 554 1304 ed
572 1265 684 1304 cruoem
703 1248 782 1303 Pauli
801 1254 830 1304 et
848 1266 913 1303 oum
929 1265 985 1304 vne
1002 1247 1181 1319 responsione
1197 1247 1241 1301 vel
1258 1245 1385 1317 pluribus
1401 1245 1426 1300 si
1443 1245 1498 1299 exi-

412 1343 516 1409 gentur
533 1337 675 1392 sufficient
692 1336 718 1391 ei
736 1335 772 1390 ed
790 1335 955 1391 intrandum
971 1336 1001 1390 in
1017 1335 1104 1391 libros
1120 1336 1325 1390 sententiarum
1361 1333 1407 1388 Sic
1423 1331 1498 1403 quod

412 1426 582 1480 admittetur
598 1424 635 1479 ed
651 1424 848 1496 opponendum
865 1425 938 1479 citra
953 1424 1057 1479 festum
1074 1423 1201 1479 omnium
1218 1429 1379 1478 sanctorum
1396 1425 1425 1476 et
1441 1424 1499 1475 stet

412 1531 555 1585 opponens
567 1512 703 1585 usquead
715 1513 820 1568 festum
833 1511 961 1566 Bernebe

342 1601 416 1656 item
433 1601 596 1656 conceditur
611 1602 746 1672 magistro
759 1601 834 1673 Grey
846 1603 878 1655 vt
893 1599 1020 1655 studium
1038 1603 1204 1656 'zannorum
1220 1599 1251 1655 in
1267 1597 1407 1670 theologie
1422 1604 1497 1668 post·

412 1707 497 1760 quem
515 1690 617 1744 rexerit
633 1691 663 1744 in
680 1689 790 1744 artibus
801 1707 858 1744 vna
874 1707 938 1744 oum
955 1688 1066 1744 duobus
1082 1689 1257 1745 sermonibus
1269 1706 1324 1744 vno
1340 1688 1377 1743 ed
1393 1687 1497 1742 elerum

411 1777 500 1832 altero
524 1776 560 1832 ed
585 1795 695 1832 erucem
725 1777 804 1832 Psuii
829 1782 859 1832 et
882 1795 947 1831 eum
972 1795 1027 1832 vna
1051 1777 1230 1849 responsione
1253 1776 1297 1832 vel
1321 1776 1449 1847 pluribus
1473 1775 1498 1830 si

411 1865 560 1936 exigantur
580 1864 701 1918 sufficiet
722 1865 748 1918 ei
768 1863 804 1918 ed
823 1864 1020 1934 opponendum
1041 1871 1071 1919 et
1092 1864 1257 1920 intrandum
1277 1865 1306 1919 in
1328 1863 1414 1918 libros
1435 1880 1498 1917 sen-

411 1955 565 2008 tentiarum
603 1953 649 2008 Sic
667 1953 742 2023 quod
761 1952 932 2008 admittetur
950 1952 986 2008 sd
1004 1953 1201 2024 opponendum
1220 1952 1294 2007 infre
1313 1958 1371 2007 tres
1389 1969 1499 2006 menses

411 2046 441 2096 et
459 2046 517 2097 stet
535 2059 678 2113 opponens
696 2058 784 2112 vsque
802 2041 838 2096 ed
856 2042 960 2096 festum
979 2041 1107 2096 Bernebe

340 2129 446 2184 Eadem
458 2131 548 2200 gretie
560 2128 595 2184 de
607 2128 692 2184 verbo
704 2114 734 2184 in
747 2129 864 2184 verbum
877 2129 1039 2184 conceditur
1052 2131 1185 2200 magistro
1198 2130 1324 2185 Melhem

340 2217 415 2272 item
431 2219 594 2274 coneeditur
611 2220 744 2290 magistro
762 2219 831 2273 Lees
844 2225 875 2274 vt
891 2219 1017 2274 studium
1032 2225 1065 2274 12
1078 2237 1216 2274 annorum
1228 2219 1258 2273 in
1271 2218 1409 2289 theologie
1421 2225 1497 2288 post·

410 2321 497 2374 quam
514 2307 617 2360 rexerit
634 2307 664 2359 in
681 2305 790 2360 artibus
804 2323 859 2360 vna
874 2322 939 2359 eum
955 2304 1066 2360 duobus
1082 2306 1257 2360 sermonibus
1269 2322 1324 2359 vno
1340 2304 1375 2358 sd
1391 2304 1497 2358 elerum

410 2393 499 2448 altero
523 2392 559 2448 ed
583 2410 694 2448 crucem
723 2393 804 2447 Pauli
828 2397 858 2447 et
881 2410 946 2447 eum
972 2410 1027 2447 vna
1050 2394 1229 2465 responsione
1252 2392 1296 2447 vel
1321 2390 1449 2464 pluribus
1473 2391 1497 2446 si

411 2483 558 2553 exigentur
575 2482 716 2536 sufficiant
734 2481 759 2536 ei
779 2480 815 2536 ed
835 2481 1032 2552 opponendum
1051 2488 1081 2537 et
1100 2481 1265 2537 intrandum
1284 2483 1314 2536 in
1332 2481 1418 2536 libros
1435 2498 1496 2536 sen-

410 2569 566 2623 tentiarum
614 2568 660 2622 Sic
684 2568 759 2638 quod
783 2568 953 2624 admittetur
976 2569 1049 2624 infra
1073 2587 1197 2624 mensem
1220 2577 1251 2624 et
1274 2575 1332 2625 stet
1355 2587 1498 2641 opponens

410 2674 499 2728 reque
516 2656 553 2711 sd
571 2657 676 2711 festum
695 2656 822 2712 Bernebe

341 2745 415 2800 Item
434 2744 614 2816 dispensetur
633 2763 697 2800 cum
716 2745 870 2800 reuerendo
889 2745 1003 2801 domino
1022 2745 1189 2801 Oieestrensi
1209 2745 1296 2800 electo
1315 2762 1366 2816 pro
1385 2762 1497 2816 respon·

410 2835 488 2888 sione
504 2850 557 2888 sue
572 2832 609 2887 ed
625 2850 711 2903 quem
728 2838 841 2889 tenetur
857 2833 968 2888 recione
983 2833 1086 2904 gradus
1102 2832 1295 2887 bsochelsurei
1313 2832 1342 2886 in
1359 2831 1498 2902 theologie

410 2939 460 2993 per
477 2939 542 2976 eum
560 2922 683 2993 suseepti
700 2923 834 2992 quonism
853 2926 916 2977 tum
933 2925 1047 2992 propter
1064 2937 1212 2992 personam
1228 2937 1315 2991 quem
1333 2937 1408 2974 nunc
1425 2920 1497 2990 gerit

411 3013 473 3060 tum
501 3011 617 3077 propter
640 3005 770 3061 morbum
797 3023 855 3077 quo
885 3005 995 3060 laboret
1022 3005 1092 3061 illud
1119 3006 1211 3061 oneris
1235 3003 1329 3059 subire
1353 3003 1498 3059 commode

410 3111 467 3148 non
485 3097 580 3166 potest

788 3533 839 3599 De
862 3532 1048 3599 doctoribus

798 3773 838 3838 In
861 3773 931 3839 iure
954 3773 1045 3840 ciuili

339 3987 413 4040 Item
434 3985 597 4040 eonceditur
616 3986 751 4056 magistro
773 3985 888 4056 Mytohe
906 3991 938 4042 vt
959 3986 1086 4042 studium
1107 3985 1203 4042 deoem
1224 4005 1364 4046 annorum
1384 3989 1415 4045 in
1435 3991 1497 4047 iure

407 4074 485 4128 ciuili
508 4079 657 4145 postquem
682 4074 785 4129 rexerit
809 4075 839 4128 in
863 4074 975 4130 ortibus
998 4075 1120 4130 sufficiet
1143 4075 1170 4129 ei
1194 4074 1230 4130 ed
1253 4077 1445 4147 incipiendum
1466 4080 1496 4134 in

409 4160 507 4215 eodem
525 4161 586 4217 iure

340 4248 414 4303 Item
433 4247 595 4302 eonceditur
620 4249 753 4318 magistro
775 4247 845 4303 Yole
866 4256 898 4304 vt
922 4249 1050 4304 studium
1075 4249 1204 4305 vndeoim
1225 4269 1364 4308 annorum
1385 4253 1415 4309 in
1436 4255 1497 4311 iure

408 4337 485 4392 ciuili
510 4340 660 4407 postquem
683 4338 787 4391 rexerit
811 4337 841 4390 in
866 4337 975 4392 artibus
1000 4337 1122 4392 sufficiet
1142 4341 1168 4394 ei
1193 4339 1229 4395 ed
1253 4341 1445 4413 incipiendum
1467 4345 1496 4399 in

409 4424 506 4480 eodem
525 4425 586 4480 iure
