3378 5116
339 304 402 388 134
772 311 885 365 00100
907 313 1000 364 soor
1022 317 1046 364 Δ
1329 295 1495 382 [1558-59

89 547 90 550 Ἴ
174 472 194 531 s.
212 469 284 530 531)
337 475 507 532 Conceditur
525 479 542 530 8
560 475 577 530 J
581 475 631 530 ulii
649 475 767 546 Georgio
787 474 917 530 Wethers
934 479 967 529 vt
985 479 1017 529 12
1036 473 1151 530 termini
1168 491 1234 529 oum
1250 474 1372 530 termino
1389 476 1420 530 in
1438 491 1495 546 quo

409 563 560 636 inquibus
580 563 714 620 lectiones
737 563 894 618 ordinariae
913 563 1026 618 audiuit
1045 562 1112 618 11001
1133 579 1190 616 000
1207 561 1322 618 omnino
1340 561 1494 618 seeundum

408 653 528 709 formam
545 653 648 708 statuti
664 669 730 708 oum
746 651 971 724 oppositionibus
987 656 1017 708 et
1033 650 1261 724 responsionibus
1276 651 1420 722 requisitis
1438 654 1495 707 suf-

409 742 506 797 iieiant
523 741 549 796 ei
567 759 619 814 pro
636 741 785 812 eompletis
802 740 891 812 gradu
911 745 942 796 et
958 739 1049 796 forma
1067 737 1316 794 baeohalaureatus
1335 740 1365 794 in
1386 738 1495 795 artibus

409 830 542 902 quoniam
566 829 641 885 diem
662 831 787 885 cinerum
807 828 967 900 proximum
986 828 1115 882 futurum
1137 827 1198 882 sine
1221 845 1273 883 suo
1294 829 1418 882 maximo
1438 828 1494 883 dis-

410 916 512 988 pondio
523 921 670 988 expectere
682 933 738 970 non
755 920 849 987 potest
886 914 933 971 Its
949 919 1045 968 temen
1058 917 1091 968 vt
1107 914 1168 969 eius
1184 913 1305 969 eruditio
1321 915 1497 971 examinetur

410 1009 441 1060 et
468 1003 640 1076 approbetur
663 1021 713 1076 per
736 1004 941 1059 examinatores
964 1003 1050 1058 huius
1073 1003 1141 1058 0001
1165 1003 1329 1058 eonvivetur
1352 1007 1382 1058 et
1405 1007 1498 1059 cetera

411 1097 526 1164 peragat
544 1111 594 1164 per
611 1097 721 1148 statuta
739 1093 875 1163 requisita
896 1097 926 1147 et
946 1095 1005 1146 stet
1028 1092 1057 1146 in
1080 1089 1294 1162 quadragesima
1314 1091 1411 1147 futura
1432 1109 1496 1146 oum

411 1182 511 1238 esteris
528 1181 737 1237 bacche-laureis

742 1473 892 1562 Magistri
914 1473 949 1538 in
972 1473 1098 1538 artibus

342 1663 512 1718 Oenoeditur
531 1667 565 1718 10
583 1663 678 1718 Martii
699 1667 767 1717 1558
784 1662 899 1718 domino
918 1662 986 1717 Hall
1004 1667 1036 1718 vt
1054 1667 1071 1718 9
1089 1664 1203 1718 termini
1222 1668 1287 1735 post
1305 1665 1366 1719 eius
1386 1663 1497 1718 finalem

413 1753 676 1808 determinationem
700 1754 729 1808 in
754 1751 858 1824 quibus
882 1752 1017 1807 lectiones
1041 1753 1197 1808 ordinaries
1215 1753 1327 1808 audiuit
1351 1753 1417 1807 lieet
1442 1769 1498 1808 non

413 1840 528 1895 omnino
551 1838 704 1895 secundum
728 1840 848 1894 formam
872 1839 975 1894 statuti
996 1857 1061 1894 oum
1081 1839 1174 1895 tribus
1192 1839 1420 1910 responsionibus
1440 1838 1498 1894 euf-

413 1929 510 1984 iioiant
528 1928 554 1984 01
572 1929 608 1984 ed
626 1928 817 2000 incipiendum
835 1929 865 1983 in
883 1927 993 1983 artibus

344 2017 451 2072 Eadem
463 2017 554 2088 gratia
567 2016 663 2072 eodem
677 2016 839 2071 conceditur
850 2016 965 2071 domino
979 2016 1100 2071 Munson
1113 2016 1227 2071 domino
1241 2015 1373 2071 Nioolson
1385 2015 1499 2071 domino

415 2105 581 2177 Doryngton
593 2104 707 2160 domino
719 2105 899 2160 Chatboume
910 2105 1025 2160 domino
1038 2103 1211 2176 Bautersbye

345 2193 452 2248 Eadem
463 2193 554 2264 gratia
565 2192 727 2248 eonoeditur
740 2198 773 2248 16
786 2193 883 2249 Martii
896 2193 1009 2249 domino
1022 2194 1124 2248 Hawee
1136 2193 1250 2249 domino
1262 2193 1433 2248 Sheokiooke

344 2281 451 2338 Eadem
463 2282 553 2353 gratia
562 2281 724 2338 oonoeditur
735 2287 768 2338 lt
781 2283 889 2354 Aprilis
897 2282 1011 2338 domino
1023 2282 1152 2338 Shillitoe
1161 2282 1274 2337 domino
1286 2282 1373 2337 Boam
1385 2282 1499 2337 domino

345 2458 452 2514 Eadem
475 2457 566 2528 gratia
584 2457 747 2513 coneeditur
765 2462 782 2513 9
801 2458 870 2513 Maii
888 2458 1002 2514 domino
1021 2457 1117 2530 Bynge
1135 2459 1249 2514 domino
1272 2459 1350 2513 Kent
1385 2458 1501 2514 sinnii

414 2546 529 2602 domino
549 2545 675 2618 Twydali
699 2545 814 2601 domino
835 2545 949 2601 Audian
969 2545 1083 2602 domino
1105 2547 1246 2602 Boemond
1268 2545 1381 2602 domino
1405 2546 1501 2602 Evans

416 2638 451 2689 20
474 2633 555 2688 Junii
573 2633 688 2689 domino
709 2631 871 2705 Wybourne
889 2633 1004 2689 domino
1029 2633 1171 2706 Sheparde
1190 2640 1220 2690 01
1242 2639 1272 2690 11
1296 2635 1366 2690 Julii
1387 2635 1501 2690 domino

417 2723 529 2794 Pennye

346 2812 411 2869 Vna
431 2829 495 2866 oum
517 2809 562 2865 his
583 2811 749 2882 ineeperunt
768 2829 804 2867 ex
827 2812 942 2883 collegio
967 2813 1052 2884 Regio
1074 2813 1177 2884 quibus
1198 2812 1275 2868 nulla
1296 2812 1387 2882 gretia
1410 2812 1501 2883 petita

417 2916 508 2970 neque
528 2897 701 2970 dispensatio
718 2916 848 2955 conoessa
865 2900 973 2956 domini
993 2901 1067 2956 Rust
1085 2901 1205 2971 Seroope
1222 2899 1330 2956 Adems
1347 2901 1503 2971 Howgreve

417 2989 448 3041 et
465 2985 580 3057 Sturley

670 3281 759 3347 Ordo
782 3280 983 3346 senioritatis
1006 3282 1184 3348 eorundem

524 3471 566 3526 111Ι
578 3471 658 3542 Byng
856 3469 898 3524 Μ’
910 3471 1031 3526 Monson
1191 3473 1232 3528 Mr
1245 3473 1337 3546 Penye

524 3559 680 3614 MrHawse
856 3557 1036 3630 M¹Shepard
1190 3560 1351 3617 M¹Adams

523 3646 656 3702 MrKent
857 3645 986 3702 M¹Rust
1190 3649 1398 3721 Mrflowgrave

524 3733 716 3789 Mrseammt
857 3732 1031 3806 M¹Soroope
1190 3735 1332 3790 M¹Bosm

524 3822 566 3876 M*
577 3820 749 3876 Shaeklooke
856 3822 897 3876 Μτ
909 3820 1023 3876 Αο(1100
1189 3823 1230 3878 11Ι
1242 3823 1407 3896 Doryngton

524 3911 566 3966 11ῐ
578 3910 646 3966 Ηο11
858 3910 901 3965 Μ’
912 3909 1077 3966 Ghatbourn
1192 3912 1233 3966 ΜΙ
1246 3912 1375 3985 Sturieye

524 3996 730 4054 M²Wibourne
857 3997 1036 4069 M¹Twydsll
1190 3998 1232 4053 Μ1
1244 3999 1305 4054 Η111

524 4088 567 4143 M:
579 4087 674 4143 Evans

348 4279 433 4334 Mem
453 4276 529 4348 quod
550 4275 657 4332 domini
678 4275 816 4346 Shyllitoe
839 4274 992 4331 Nioholson
1014 4280 1043 4331 et
1064 4275 1214 4332 Beuterbie
1238 4294 1294 4333 non
1316 4277 1505 4335 interfuerrmt

418 4365 571 4421 eommitiie
588 4381 679 4436 neque
697 4363 857 4436 inaugurati
875 4368 944 4420 sunt
