3398 5122
201 391 206 403 .
314 296 377 360 392
756 309 870 362 1111111
893 311 986 362 soors
1009 313 1031 361 Δ
1304 295 1468 384 [1584-85

315 467 368 522 Pro
391 466 598 523 bacchalaureis
622 467 657 522 ad
682 467 886 538 disputandum
911 486 977 522 cum
1001 469 1144 538 magistris
1180 467 1349 524 comeditur
1373 468 1469 523 eodem

384 575 448 611 oum
460 556 520 612 dies
531 556 567 611 ad
580 556 799 628 philosophicam
811 557 1035 628 disputacionem
1048 575 1097 630 per
1109 562 1219 614 statuta
1231 558 1372 614 academie
1382 558 1470 628 assig-

384 647 444 700 nati
464 663 522 700 non
544 646 687 701 sufficiunt
708 647 861 718 incepturis
883 647 935 702 hoc
954 648 1078 720 presenti
1100 665 1175 703 anno
1196 649 1227 703 in
1247 647 1357 703 artibus
1378 647 1470 719 placet

383 733 464 788 vobis
487 737 520 788 vt
543 737 636 788 vestra
659 733 829 788 auctoritate
849 739 879 789 et
900 733 974 790 bona
998 753 1063 790 oum
1083 737 1166 792 vania
1186 734 1294 792 eisdem
1314 735 1469 807 incepturis

384 821 504 877 liberum
523 823 563 877 sit
581 821 658 877 omni
677 822 802 892 profesto
820 821 866 876 die
884 821 1034 876 cuiuslibet
1053 823 1210 893 septimane
1228 823 1257 878 in
1276 823 1397 878 termino
1415 819 1472 875 dis·

384 909 549 982 putaciones
560 913 590 964 et
601 910 795 980 responsiones
807 927 873 964 suas
885 927 950 964 oum
962 910 1105 980 magistris
1117 929 1247 982 peregere
1262 916 1322 965 tam
1335 911 1365 964 in
1377 908 1472 964 schola

385 998 560 1070 philosophie
578 1016 664 1070 quam
682 1000 713 1053 in
730 999 825 1054 schola
842 999 1000 1055 dialectices
1018 999 1054 1055 ab
1073 1000 1141 1055 11111
1158 1019 1233 1056 1111
1250 998 1472 1056 antemeridiana

387 1085 423 1140 ed
439 1085 616 1142 undecimam
632 1092 661 1143 et
677 1087 714 1143 ab
728 1087 796 1143 hora
813 1090 904 1160 prima
920 1087 955 1143 ad
973 1088 1087 1144 tertiam
1103 1095 1133 1144 et
1149 1106 1167 1144 1
1184 1090 1269 1145 tertia
1286 1088 1323 1144 ad
1341 1089 1471 1161 quintam

387 1173 608 1246 pomeridianam
624 1193 658 1230 ea
672 1181 768 1231 temen
786 1177 846 1247 lege
863 1181 892 1231 et
911 1176 1071 1232 conditione
1090 1182 1122 1232 vt
1139 1179 1179 1248 (1)
1193 1194 1305 1248 semper
1321 1176 1392 1231 alter
1409 1193 1471 1246 pro

388 1267 549 1318 curatorum
561 1262 637 1318 adsit
648 1268 677 1318 et
689 1265 728 1334 (1)
741 1282 815 1320 vnus
828 1264 998 1319 bedellornm
1009 1271 1039 1318 et
1051 1267 1092 1335 (3)
1105 1264 1166 1320 rad
1177 1265 1271 1320 minus
1280 1263 1472 1320 bacohalaurei

389 1351 494 1406 artium
513 1351 543 1406 in
561 1350 707 1406 habitibus
724 1356 753 1406 et
772 1354 811 1422 (4)
831 1353 992 1423 questiones
1013 1352 1182 1423 disputande
1202 1353 1270 1408 hora
1288 1357 1388 1407 octava
1405 1357 1473 1406 ante

388 1439 609 1511 disputationem
621 1440 710 1495 valvis
722 1441 880 1496 scholarum
893 1440 1013 1512 publicis
1028 1441 1178 1511 affigantur
1192 1447 1221 1495 et
1237 1441 1277 1512 (5)
1295 1441 1345 1511 qui
1360 1456 1473 1510 respon-

388 1528 455 1584 deat
467 1546 569 1584 nomen
582 1530 710 1600 magistri
722 1530 895 1601 disputaturi
908 1531 956 1584 vni
968 1529 1139 1585 bedellorum
1151 1529 1288 1601 significet
1299 1532 1366 1584 ante
1375 1528 1473 1582 horam

388 1621 517 1672 octavam
538 1634 595 1688 quo
618 1616 744 1672 bodellus
765 1635 815 1689 per
832 1617 941 1672 scholas
959 1617 1108 1673 denuntiet
1126 1617 1232 1674 dictam
1250 1617 1473 1689 disputacionem

388 1704 514 1777 alioquin
525 1723 559 1760 11
570 1703 729 1776 disputacio
740 1722 791 1777 pro
804 1705 881 1760 nulla
896 1705 1035 1761 habeatur
1050 1707 1161 1778 proviso
1176 1723 1287 1778 semper
1303 1704 1378 1778 quod
1395 1705 1474 1759 nulla

389 1794 510 1849 11111111
521 1794 704 1865 permittatur

322 1883 374 1937 Pro
391 1880 632 1952 peregrinantibus
677 1881 847 1937 Conceditur
862 1883 954 1954 primo
967 1881 1130 1937 Decembris
1143 1885 1176 1938 vt
1192 1882 1326 1953 magister
1338 1880 1475 1936 Ricardus

391 1971 455 2042 Key
464 1969 560 2026 literas
572 1969 677 2026 habeat
689 1971 893 2026 testimoniales
902 1970 1006 2043 gradus
1014 1976 1044 2026 11
1053 1972 1273 2027 conversationis
1281 1989 1332 2027 sue
1340 1970 1478 2042 sigillatas

391 2057 482 2128 sigillo
493 2060 587 2112 vestro
599 2059 741 2113 communi
777 2057 884 2113 Eadem
895 2059 986 2128 gratia
998 2058 1161 2114 conceditur
1170 2063 1205 2113 24
1214 2058 1311 2114 Martii
1321 2056 1475 2113 secundum

391 2150 555 2219 computum
573 2153 618 2202 etc
637 2151 707 2203 1584
723 2147 858 2219 magistro
877 2148 1000 2203 Henrioo
1018 2147 1136 2203 Curwen
1153 2151 1183 2203 11
1200 2147 1244 2204 Jo.
1264 2145 1429 2202 Stoclrwood
1446 2150 1477 2201 et

393 2239 427 2290 14
440 2233 508 2290 Maii
522 2235 619 2290 Franc.
634 2235 775 2291 Berisford
788 2237 817 2291 in
829 2236 939 2290 artibus
951 2237 1085 2306 magistro

322 2324 491 2380 Conceditur
512 2329 546 2378 24
571 2324 669 2380 Martii
693 2329 725 2380 vt
747 2325 829 2380 litere
852 2330 945 2380 vestre
970 2325 1174 2382 testimoniales
1202 2343 1273 2396 quas
1300 2324 1478 2380 concessistis

392 2412 526 2482 magistro
545 2411 589 2468 Jo.
609 2412 773 2467 Stookwood
793 2429 858 2467 cum
877 2431 973 2468 earum
990 2414 1080 2468 forma
1097 2429 1153 2467 non
1169 2413 1260 2484 possit
1275 2412 1301 2466 ei
1318 2428 1368 2483 per
1383 2410 1479 2466 omnia

392 2506 549 2572 competere
561 2499 614 2555 sub
627 2501 681 2555 1111
694 2502 784 2556 forma
796 2502 967 2556 emittantur
977 2517 1032 2572 que
1044 2499 1194 2572 approbari
1206 2500 1297 2572 possit

324 2589 377 2643 Pro
389 2587 611 2660 predicatoribus
646 2588 816 2643 Conceditur
829 2595 846 2642 4
859 2587 1022 2642 Decembris
1035 2587 1169 2658 magistro
1181 2587 1289 2642 Γ1111111
1299 2585 1435 2641 Wenham
1446 2591 1479 2639 vt

393 2677 432 2730 sit
443 2694 516 2731 vnus
527 2694 561 2732 ex
575 2680 608 2730 12
620 2675 841 2748 predicatoribus
854 2676 906 2731 hoo
917 2693 992 2731 anno
1004 2693 1054 2747 per
1069 2675 1241 2730 academiam
1258 2673 1422 2730 emittendis
1437 2673 1479 2728 sic

394 2769 426 2819 vt
438 2782 522 2836 super
533 2765 586 2819 hao
598 2769 692 2819 vestra
703 2765 880 2819 concessione
894 2765 991 2819 literas
1006 2764 1109 2820 habeat
1125 2765 1262 2835 sigillatas
1278 2764 1369 2836 sigillo
1384 2768 1479 2818 vestm

394 2854 536 2908 communi
583 2853 691 2908 Eadem
719 2854 810 2924 gratia
833 2853 995 2910 conceditur
1019 2858 1036 2908 8
1061 2853 1224 2909 Decembris
1248 2853 1382 2924 magistro
1406 2851 1477 2907 Tho.

395 2943 496 2998 Howes
536 2945 570 2997 28
590 2942 658 2997 Maii
678 2946 747 2997 1685
765 2943 900 3013 magistro
918 2942 1042 2998 Johanni
1060 2943 1171 2999 ibuner
1210 2945 1239 3000 7⁰
1256 2943 1326 2998 Ι111111
1345 2941 1480 3012 magistro

396 3030 545 3102 Radulpho
563 3029 700 3102 Talboyes

324 3118 493 3176 Conceditur
506 3123 522 3172 t
535 3119 680 3174 Februarii
693 3124 725 3173 vt
736 3119 818 3173 litere
833 3119 917 3174 modo
933 3118 1003 3173 lecte
1019 3119 1129 3190 possint
1145 3117 1262 3188 sigillari
1278 3117 1369 3188 sigillo
1384 3122 1480 3172 vestro

394 3207 536 3261 communi
549 3206 656 3261 scilicet
668 3207 698 3260 in
710 3206 834 3260 favorem
847 3204 974 3276 magistri
988 3205 1111 3260 Matthei
1125 3205 1230 3276 Stokys
1242 3221 1332 3276 nuper
1345 3203 1445 3259 bedelli

325 3295 497 3350 Substitutio
518 3293 619 3350 bedelli
659 3294 828 3350 Conceditur
848 3299 881 3349 1a
900 3292 1044 3350 Februarii
1063 3298 1095 3348 vt
1113 3293 1257 3349 Johannes
1275 3291 1415 3367 [Bacster]
1433 3291 1479 3348 be-

395 3383 484 3438 dellus
505 3382 676 3437 substituere
697 3383 786 3454 possit
807 3384 850 3439 Jo.
872 3383 988 3438 Bacster
1009 3383 1099 3437 hlium
1120 3400 1204 3438 suum
1225 3383 1275 3452 qui
1294 3383 1355 3437 eius
1375 3398 1480 3436 munus

394 3472 478 3527 obeat
496 3489 584 3542 vsque
601 3471 637 3526 ed
655 3473 760 3526 festum
779 3471 925 3526 Paschatis
943 3473 1103 3543 proximum

325 3559 494 3616 Conceditur
512 3561 603 3632 primo
624 3561 720 3615 Martii
742 3565 774 3615 vt
795 3560 874 3615 litere
895 3565 1060 3616 attenuatus
1081 3559 1164 3614 modo
1185 3558 1256 3614 lecte
1275 3557 1407 3614 videlieet
1428 3574 1479 3628 pro

395 3648 472 3703 fariis
491 3647 746 3718 Sturbrigiensibus
764 3648 922 3718 sigillentur
939 3648 1030 3718 sigillo
1050 3653 1143 3703 vestro
1161 3647 1302 3703 communi

325 3735 495 3792 Conceditur
508 3740 520 3790 1
537 3735 633 3790 Martii
647 3740 678 3790 vt
689 3736 824 3806 magistro
836 3736 943 3791 doctori
961 3734 1033 3806 Bing
1049 3741 1080 3789 et
1096 3735 1138 3790 Jo.
1158 3735 1274 3790 Bacster
1291 3733 1399 3790 bedello
1414 3731 1481 3787 allo·

395 3829 495 3880 centur
513 3824 660 3879 necessarii
676 3829 808 3896 sumptus
824 3842 895 3896 quoe
911 3825 939 3878 in
958 3825 1010 3879 1111
1026 3823 1222 3895 procuratione
1240 3823 1345 3878 facient
1363 3821 1481 3878 arbitrio

394 3911 502 3967 domini
513 3911 721 3982 procancellarii
734 3919 945 3982 procuratorum
957 3917 988 3966 et
1000 3912 1119 3967 duorum
1131 3911 1278 3967 doctorum

327 4001 422 4055 Litera
433 3998 468 4054 ad
482 3999 662 4054 vendendum
675 3999 772 4054 vinum
815 3997 984 4054 Conceditur
996 4003 1025 4054 8ο
1037 4000 1054 4055 J
1056 3999 1116 4054 unii
1128 4016 1216 4070 quum
1229 3999 1299 4054 illud
1312 4015 1403 4069 nuper
1417 4015 1481 4052 oon·

395 4087 535 4143 cesseritis
548 4088 677 4159 Philippo
690 4089 816 4159 Stringer
828 4093 859 4142 vt
871 4089 910 4142 sit
923 4087 1119 4159 oenopolsrum
1130 4105 1202 4142 vnus
1211 4093 1305 4141 vestre
1313 4085 1482 4140 111111111111

396 4177 568 4231 constitutus
581 4177 672 4248 placet
684 4176 764 4233 vobis
776 4182 808 4232 vt
820 4177 944 4234 eiusdem
958 4177 1143 4233 concessionis
1159 4180 1251 4231 vestre
1266 4177 1362 4231 literas
1379 4174 1483 4230 habeat

396 4263 487 4334 sigillo
499 4268 593 4319 vestro
605 4265 747 4318 communi
758 4265 895 4335 sigillatas

327 4351 496 4408 Conceditur
513 4355 528 4410 7
546 4352 615 4408 Julii
632 4357 664 4408 vt
680 4353 723 4409 Jo.
741 4353 804 4408 Tall
820 4371 885 4409 oum
904 4353 1035 4410 hesterno
1054 4353 1100 4409 die
1119 4355 1148 4408 in
1169 4353 1291 4409 comitiis
1311 4351 1412 4408 vestris
1431 4368 1482 4423 per
