3394 5114
190 287 357 372 1568-69]
627 307 741 356 onnon
764 308 857 355 soon
879 309 903 356 Δ
1288 301 1349 364 225

261 459 435 512 cautioneos
465 459 697 530 (peregitomnia)
729 461 803 515 Item
820 461 962 531 magistris
970 461 1092 518 Roberto
1104 463 1201 519 Tower
1213 468 1242 536 (3
1254 467 1347 539 Junii)

261 549 290 600 et
303 546 426 600 Roberto
440 547 563 618 Lynford
580 548 729 619 (ieiunii)
742 567 807 604 oum
819 550 914 605 studio
927 556 943 605 ὁ
956 568 1095 606 annorum
1107 557 1136 607 et
1154 553 1207 609 sub
1219 556 1349 612 cautione

261 635 286 705 vj
298 635 318 689 li
343 637 497 707 respective
541 638 662 708 (peregit
685 639 780 693 omnis
803 641 903 712 marg.)
948 640 1105 695 Presentati
1130 660 1180 712 per
1205 643 1348 701 doctorem

262 722 404 794 Whitgyft
419 731 448 778 et
459 725 575 778 admissi
588 729 621 779 vt
637 729 718 796 patet
754 727 829 781 ltem
841 732 870 782 3⁰
882 728 961 782 Junii
973 729 1071 784 eadem
1082 731 1175 800 gratia
1185 732 1348 788 conceditur

260 811 403 882 magistris
427 810 478 865 Ed.
505 811 640 883 Hausbye
663 816 693 867 et
718 817 752 868 10
776 814 855 869 Junii
879 815 947 870 Tho.
969 816 1061 871 Drant
1086 817 1217 890 (Heusby
1241 821 1347 891 peregit

258 899 353 953 omnia
370 899 462 953 Drant
479 899 614 954 forisfecit
632 902 730 973 marg.)
768 901 925 956 Presonteti
944 920 993 973 per
1011 901 1119 975 [Manis]
1135 908 1165 957 et
1180 904 1296 960 admissi
1314 912 1347 962 vt

258 990 337 1057 patet
354 987 383 1040 in
402 988 494 1058 capite
511 1005 608 1042 eorum

186 1074 357 1129 Conceditur
368 1080 402 1129 25
416 1075 514 1130 Martii
528 1077 664 1146 magistro
676 1076 757 1131 Edm.
772 1077 920 1149 Chapman
933 1083 965 1134 vt
977 1079 1106 1134 studium
1119 1083 1135 1137 7
1148 1098 1288 1136 annorum
1300 1087 1345 1136 etc

257 1181 321 1218 cum
350 1163 575 1234 oppositionibus
599 1168 644 1218 etc
669 1165 844 1235 perficiendis
871 1171 916 1220 etc
940 1166 994 1221 sub
1019 1184 1091 1237 pene
1117 1167 1157 1238 iiij
1171 1167 1191 1222 li
1216 1168 1345 1238 ponenda

256 1258 301 1307 etc
322 1254 444 1308 sufficiat
462 1254 488 1307 ei
507 1257 566 1308 tem
585 1255 621 1308 ed
640 1255 839 1325 opponendum
862 1273 947 1326 quem
967 1254 1003 1308 ed
1023 1255 1188 1310 intrandum
1212 1257 1241 1310 in
1265 1275 1345 1312 secra

260 1342 400 1412 theologis
431 1344 549 1413 (peregit
558 1343 654 1397 omnis
662 1344 761 1416 marg.)
792 1343 975 1398 Presentetus
984 1361 1035 1413 per
1041 1343 1184 1398 doctorem
1193 1345 1344 1415 Whitgiite

258 1435 288 1482 et
306 1429 448 1484 admissus
468 1430 567 1484 eodem

184 1517 291 1571 Eadem
308 1517 399 1587 gretia
415 1517 579 1571 conceditur
597 1521 625 1570 1ο
641 1515 749 1586 Aprilis
765 1517 901 1586 magistro
919 1517 1056 1572 Nicholeo
1073 1517 1190 1572 Browne
1206 1536 1271 1572 curn
1288 1519 1344 1573 iste

254 1605 381 1660 clausula
396 1607 439 1660 its
454 1609 552 1660 tamen
569 1608 601 1659 vt
616 1606 641 1659 si
658 1605 809 1659 annualem
826 1604 969 1659 redditum
988 1605 1023 1660 ed
1039 1607 1163 1660 valorem
1179 1607 1209 1660 in
1226 1607 1344 1662 statutis

254 1692 410 1747 limitatum
435 1697 625 1762 consequatur
645 1693 712 1745 ante
733 1691 839 1746 festum
861 1691 991 1746 Bernabe
1009 1693 1168 1763 proximum
1186 1695 1344 1749 satisfaciet

256 1781 396 1836 officiariis
412 1780 465 1836 sub
483 1799 557 1852 pena
568 1781 614 1835 xli
629 1779 758 1851 ponende
770 1784 815 1834 eto
852 1780 971 1851 (peregit
980 1780 1075 1834 omnia
1087 1781 1185 1852 marg.)
1228 1782 1342 1836 Presen·

255 1875 334 1924 tatus
351 1887 402 1940 per
418 1869 563 1924 doctorem
581 1868 726 1939 Whitgyft
744 1871 774 1927 et
791 1867 933 1922 admissus
951 1867 1049 1922 codem

182 1957 354 2012 Conceditur
366 1962 398 2012 21
413 1956 543 2012 Januan'i
558 1956 693 2026 magistro
711 1955 848 2010 Nioholao
866 1956 946 2009 Huct
961 1960 994 2008 vt
1010 1955 1139 2010 studium
1157 1957 1183 2026 vj
1203 1974 1342 2011 annorum
1357 1960 1374 2016 f.
1393 1959 1430 2018 97
1447 1961 1466 2017 b

255 2046 283 2099 in
298 2045 437 2116 theologia
449 2050 601 2117 postquem
613 2045 718 2099 rexerit
732 2045 761 2098 in
777 2043 888 2098 artibus
904 2062 969 2098 cum
987 2044 1213 2116 oppositionibus
1230 2063 1342 2116 respon-

254 2134 381 2189 sionibus
393 2134 570 2189 sermonibus
585 2139 615 2188 et
631 2133 695 2188 eliis
710 2133 852 2187 exercitiis
868 2150 917 2203 per
932 2139 1044 2187 statuta
1059 2133 1204 2203 requisitis
1221 2134 1343 2188 sufficiet

256 2223 282 2275 ei
295 2226 354 2276 tam
367 2222 403 2276 ed
416 2221 613 2294 opponendum
631 2239 718 2292 quam
732 2221 768 2275 ad
786 2221 951 2275 intrandum
964 2221 993 2275 in
1006 2238 1086 2275 secra
1102 2221 1242 2291 theologia
1279 2222 1342 2275 Pre-

254 2315 385 2365 sentatus
396 2304 447 2381 per
458 2310 601 2364 doctorem
615 2311 704 2380 Porye
716 2313 746 2363 et
757 2309 900 2364 admissus
913 2313 947 2362 25
961 2309 1058 2363 Martii

257 2487 403 2543 Cestleton
441 2487 599 2542 Prosentnti
623 2504 674 2556 per
697 2487 841 2540 doctorem
862 2486 996 2556 Whitgift
1019 2491 1049 2541 et
1071 2486 1188 2540 admissi
1215 2490 1248 2541 13
1273 2487 1342 2540 Maii

256 2578 436 2646 (peregerunt
448 2576 543 2630 omnis
555 2575 655 2647 marg.)

183 2663 354 2718 Conceditur
372 2669 389 2717 4
408 2663 505 2718 Martii
524 2663 660 2733 magistro
680 2661 787 2732 Rogero
805 2661 901 2716 Gocde
920 2667 953 2716 vt
970 2662 1098 2716 studium
1117 2667 1133 2714 5
1152 2678 1290 2716 annorum
1312 2663 1341 2716 in

254 2752 394 2823 theologia
410 2757 561 2823 postquam
578 2757 623 2806 etc
640 2769 705 2804 oum
722 2751 948 2822 oppositionibus
969 2756 1014 2805 etc
1034 2751 1156 2805 sufficiat
1176 2751 1202 2804 ei
1223 2755 1284 2804 tem
1305 2751 1341 2804 nd

254 2841 454 2911 opponendum
466 2858 552 2911 quum
565 2840 602 2894 sd
614 2838 781 2893 intrandum
797 2840 826 2893 in
842 2856 922 2894 sucre
938 2839 1078 2908 theologia
1095 2840 1136 2892 ita
1152 2845 1248 2893 temen
1266 2839 1341 2910 quod

254 2931 278 2983 si
290 2936 480 3000 consequetur
492 2929 644 2983 annualem
657 2927 800 2982 redditum
814 2928 849 2982 nd
863 2927 987 2981 valorem
1002 2927 1031 2980 in
1048 2927 1167 2980 statutis
1184 2927 1341 2981 limitatum

254 3023 320 3072 ente
337 3018 453 3072 comitia
470 3016 597 3087 proxima
613 3016 772 3070 satisfaciet
786 3015 928 3069 officiariis
943 3012 997 3067 sub
1012 3031 1084 3084 pens
1102 3014 1148 3067 xli
1165 3014 1295 3084 ponende
1311 3015 1341 3068 in

255 3105 385 3161 manibus
406 3109 620 3177 procuratorum
638 3109 705 3158 ente
723 3104 784 3158 eius
802 3102 1003 3156 admissionem
1021 3107 1051 3155 et
1069 3106 1101 3156 vt
1118 3102 1209 3171 possit
1226 3101 1342 3156 admitti

255 3195 388 3250 hodierno
402 3194 448 3249 die
463 3211 519 3248 non
536 3193 668 3248 obstante
684 3192 760 3263 quod
779 3210 834 3246 non
853 3191 992 3261 peregerit
1009 3204 1167 3244 sennonem
1183 3189 1219 3244 ad
1236 3190 1341 3244 clerum

252 3302 337 3355 quem
354 3289 521 3354 peracturus
532 3287 577 3338 est
593 3283 721 3354 proxima
737 3281 897 3351 septimana
934 3280 1117 3333 Presentstus
1133 3296 1183 3348 per
1199 3277 1342 3333 doctorem

255 3372 390 3427 Hawford
423 3371 564 3426 admissus
576 3370 673 3424 eodem

183 3458 354 3515 Conceditur
372 3461 405 3511 10
417 3457 497 3511 Junii
515 3456 650 3526 magistro
669 3453 782 3508 Olivero
800 3451 900 3506 Certen
916 3454 948 3505 vt
966 3449 1094 3504 studium
1112 3450 1138 3519 vj
1157 3468 1295 3505 annorum
1312 3451 1342 3504 in

254 3547 395 3617 theologia
408 3550 452 3600 etc
465 3562 530 3598 oum
543 3540 769 3614 oppositionibus
781 3545 826 3593 etc
839 3538 1015 3609 perficiendis
1028 3537 1101 3591 inire
1114 3555 1219 3592 annum
1232 3550 1283 3593 sue
1294 3537 1342 3592 ed·

255 3635 398 3690 missionis
410 3632 464 3688 sub
474 3649 549 3703 pene
557 3629 596 3703 [vj
606 3629 639 3702 li]
649 3627 778 3699 ponende
790 3631 836 3681 etc
847 3626 970 3680 sufficiat
982 3625 1008 3678 ei
1021 3631 1081 3678 tem
1094 3624 1130 3678 ad
1144 3626 1343 3696 opponendum

254 3741 341 3794 quam
359 3722 396 3777 ed
413 3719 578 3776 intrandum
590 3720 620 3772 in
637 3715 868 3785 sscratheologia
905 3714 1023 3785 (peregit
1035 3713 1131 3767 omnia
1142 3714 1242 3785 morp.)
1272 3713 1343 3796 ¹Pre-

255 3815 384 3866 sentatus
402 3827 452 3880 per
469 3807 612 3861 doctorem
627 3802 811 3872 Longeworth
848 3802 990 3855 admissus
1004 3805 1035 3855 17
1048 3799 1130 3854 Junii

183 3899 291 3956 Eadem
306 3900 398 3970 grstia
413 3895 577 3952 conceditur
594 3897 626 3948 17
643 3893 661 3946 J
663 3892 723 3946 unii
742 3891 876 3960 magistro
889 3889 936 3944 W⁰
954 3889 1060 3942 Crevet
1097 3888 1279 3942 Presentetus
1295 3905 1345 3958 per

256 3988 282 4044 d.
297 3986 481 4058 Longeworth
518 3984 660 4038 admissus
679 3987 706 4035 1⁰
723 3981 740 4034 J
743 3979 793 4034 ulii
830 3980 948 4050 (peregit
963 3977 1058 4032 omnia
1076 3983 1171 4048 preter
1186 3995 1345 4032 sermonem

255 4078 290 4132 sd
302 4078 439 4149 populum
452 4075 552 4147 marg.)

184 4163 354 4219 Conceditur
369 4167 402 4217 10
411 4164 428 4217 J
431 4163 490 4216 unii
505 4161 639 4231 magistro
649 4158 696 4211 W⁰
707 4156 852 4226 Herryson
862 4159 893 4208 vt
906 4153 1034 4208 studium
1047 4155 1062 4209 7
1076 4169 1214 4207 annorum
1225 4153 1255 4206 in
1265 4153 1344 4207 theo·

251 4252 325 4322 logia
351 4257 504 4322 postquem
526 4248 628 4302 rexerit
650 4247 681 4299 in
702 4243 812 4298 artibus
835 4241 941 4296 Oxonie
964 4257 1029 4294 oum
1051 4240 1278 4311 oppositionibus
1300 4248 1345 4295 etc

254 4338 430 4410 perficiendis
442 4345 486 4392 etc
499 4337 553 4391 sub
565 4353 639 4407 pene
650 4334 696 4388 xli
708 4332 838 4404 ponende
850 4335 895 4385 etc
907 4329 1030 4383 sufficiat
1042 4329 1068 4382 ei
1080 4333 1141 4382 tam
1153 4329 1190 4383 ad
1202 4347 1343 4399 opponen-

269 4463 291 4502 1.
309 4461 339 4502 iv
1225 4438 1260 4494 15
