<?xml version="1.0" encoding="UTF-8"?>
<!DOCTYPE html PUBLIC "-//W3C//DTD XHTML 1.0 Transitional//EN"
    "http://www.w3.org/TR/xhtml1/DTD/xhtml1-transitional.dtd">
<html xmlns="http://www.w3.org/1999/xhtml" xml:lang="en" lang="en">
 <head>
  <title>
</title>
<meta http-equiv="Content-Type" content="text/html;charset=utf-8" />
  <meta name='ocr-system' content='tesseract 3.04.00' />
  <meta name='ocr-capabilities' content='ocr_page ocr_carea ocr_par ocr_line ocrx_word'/>
</head>
<body>
  <div class='ocr_page' id='page_1' title='image "./gracebookgreekl00venngoog_0142.png"; bbox 0 0 3376 5108; ppageno 0'>
   <div class='ocr_carea' id='block_1_1' title="bbox 183 368 898 454">
    <p class='ocr_par' dir='ltr' id='par_1_1' title="bbox 183 368 898 454">
     <span class='ocr_line' id='line_1_1' title="bbox 183 368 898 454; baseline -0.001 -21"><span class='ocrx_word' id='word_1_1' title='bbox 183 368 350 454; x_wconf 81' lang='lat'>1555-56]</span> <span class='ocrx_word' id='word_1_2' title='bbox 623 385 736 434; x_wconf 76' lang='lat' dir='ltr'>ossen</span> <span class='ocrx_word' id='word_1_3' title='bbox 759 385 852 434; x_wconf 81' lang='lat' dir='ltr'>econ</span> <span class='ocrx_word' id='word_1_4' title='bbox 876 385 898 432; x_wconf 83' lang='grc' dir='ltr'>Δ</span> 
     </span>
    </p>
   </div>
   <div class='ocr_carea' id='block_1_2' title="bbox 641 757 888 843">
    <p class='ocr_par' dir='ltr' id='par_1_2' title="bbox 641 757 888 843">
     <span class='ocr_line' id='line_1_2' title="bbox 641 757 888 843; baseline 0.012 -23"><span class='ocrx_word' id='word_1_5' title='bbox 641 757 888 843; x_wconf 75' lang='lat' dir='ltr'>[rese-1556]</span> 
     </span>
    </p>
   </div>
   <div class='ocr_carea' id='block_1_3' title="bbox 185 939 1466 1530">
    <p class='ocr_par' dir='ltr' id='par_1_3' title="bbox 185 939 1466 1530">
     <span class='ocr_line' id='line_1_3' title="bbox 185 939 1466 1028; baseline -0.003 -22"><span class='ocrx_word' id='word_1_6' title='bbox 185 940 299 1007; x_wconf 83' lang='lat' dir='ltr'>Gratie</span> <span class='ocrx_word' id='word_1_7' title='bbox 328 962 477 1006; x_wconf 88' lang='lat' dir='ltr'>concesse</span> <span class='ocrx_word' id='word_1_8' title='bbox 507 940 540 1005; x_wconf 91' lang='lat' dir='ltr'>in</span> <span class='ocrx_word' id='word_1_9' title='bbox 571 939 670 1027; x_wconf 87' lang='lat' dir='ltr'>plene</span> <span class='ocrx_word' id='word_1_10' title='bbox 699 940 949 1026; x_wconf 83' lang='lat' dir='ltr'>congregatione</span> <span class='ocrx_word' id='word_1_11' title='bbox 980 941 1180 1028; x_wconf 85' lang='lat' dir='ltr'>Regentium</span> <span class='ocrx_word' id='word_1_12' title='bbox 1212 947 1246 1006; x_wconf 90' lang='lat' dir='ltr'>et</span> <span class='ocrx_word' id='word_1_13' title='bbox 1276 962 1342 1004; x_wconf 89' lang='lat' dir='ltr'>non</span> <span class='ocrx_word' id='word_1_14' title='bbox 1357 946 1376 1004; x_wconf 81' lang='lat' dir='ltr'>f.</span> <span class='ocrx_word' id='word_1_15' title='bbox 1394 944 1431 1003; x_wconf 81' lang='lat'>43</span> <span class='ocrx_word' id='word_1_16' title='bbox 1447 963 1466 1002; x_wconf 86' lang='lat' dir='ltr'>e</span> 
     </span>
     <span class='ocr_line' id='line_1_4' title="bbox 272 1044 1342 1132; baseline 0 -23"><span class='ocrx_word' id='word_1_17' title='bbox 272 1044 500 1132; x_wconf 85' lang='lat' dir='ltr'>[Regentium]</span> <span class='ocrx_word' id='word_1_18' title='bbox 524 1066 544 1109; x_wconf 89' lang='lat' dir='ltr'>e</span> <span class='ocrx_word' id='word_1_19' title='bbox 566 1044 650 1110; x_wconf 82' lang='lat' dir='ltr'>festo</span> <span class='ocrx_word' id='word_1_20' title='bbox 672 1044 779 1110; x_wconf 83' lang='lat' dir='ltr'>saneti</span> <span class='ocrx_word' id='word_1_21' title='bbox 805 1044 975 1111; x_wconf 82' lang='lat' dir='ltr'><strong>Michaelis</strong></span> <span class='ocrx_word' id='word_1_22' title='bbox 999 1067 1085 1110; x_wconf 85' lang='lat' dir='ltr'>enno</span> <span class='ocrx_word' id='word_1_23' title='bbox 1108 1044 1234 1110; x_wconf 90' lang='lat' dir='ltr'>domini</span> <span class='ocrx_word' id='word_1_24' title='bbox 1257 1047 1342 1111; x_wconf 83' lang='lat'>1555</span> 
     </span>
     <span class='ocr_line' id='line_1_5' title="bbox 273 1147 1343 1236; baseline -0.001 -22"><span class='ocrx_word' id='word_1_25' title='bbox 273 1170 374 1236; x_wconf 89' lang='lat' dir='ltr'>vsque</span> <span class='ocrx_word' id='word_1_26' title='bbox 399 1147 440 1213; x_wconf 89' lang='lat' dir='ltr'>ed</span> <span class='ocrx_word' id='word_1_27' title='bbox 463 1147 551 1213; x_wconf 92' lang='lat' dir='ltr'>idem</span> <span class='ocrx_word' id='word_1_28' title='bbox 573 1148 694 1214; x_wconf 88' lang='lat' dir='ltr'>festum</span> <span class='ocrx_word' id='word_1_29' title='bbox 714 1169 759 1213; x_wconf 82' lang='lat' dir='ltr'>ex</span> <span class='ocrx_word' id='word_1_30' title='bbox 782 1156 862 1214; x_wconf 90' lang='lat' dir='ltr'>tune</span> <span class='ocrx_word' id='word_1_31' title='bbox 881 1148 1028 1234; x_wconf 81' lang='lat' dir='ltr'>proxime</span> <span class='ocrx_word' id='word_1_32' title='bbox 1049 1171 1189 1235; x_wconf 89' lang='lat' dir='ltr'>sequens</span> <span class='ocrx_word' id='word_1_33' title='bbox 1236 1147 1343 1215; x_wconf 81' lang='lat' dir='ltr'>Guth-</span> 
     </span>
     <span class='ocr_line' id='line_1_6' title="bbox 273 1253 1343 1340; baseline -0.002 -20"><span class='ocrx_word' id='word_1_34' title='bbox 273 1255 366 1320; x_wconf 88' lang='lat' dir='ltr'>berto</span> <span class='ocrx_word' id='word_1_35' title='bbox 393 1254 471 1320; x_wconf 88' lang='lat' dir='ltr'>Scot</span> <span class='ocrx_word' id='word_1_36' title='bbox 493 1275 582 1319; x_wconf 83' lang='lat' dir='ltr'><strong>sacre</strong></span> <span class='ocrx_word' id='word_1_37' title='bbox 605 1253 769 1339; x_wconf 76' lang='lat' dir='ltr'>theologie</span> <span class='ocrx_word' id='word_1_38' title='bbox 791 1254 970 1340; x_wconf 83' lang='lat' dir='ltr'>professore</span> <span class='ocrx_word' id='word_1_39' title='bbox 992 1263 1072 1319; x_wconf 88' lang='lat' dir='ltr'>tune</span> <span class='ocrx_word' id='word_1_40' title='bbox 1093 1253 1343 1340; x_wconf 86' lang='lat' dir='ltr'>proeeucellerio</span> 
     </span>
     <span class='ocr_line' id='line_1_7' title="bbox 273 1357 1343 1446; baseline -0.002 -22"><span class='ocrx_word' id='word_1_41' title='bbox 273 1369 307 1424; x_wconf 91' lang='lat' dir='ltr'>et</span> <span class='ocrx_word' id='word_1_42' title='bbox 338 1357 500 1445; x_wconf 79' lang='lat' dir='ltr'>magistris</span> <span class='ocrx_word' id='word_1_43' title='bbox 530 1358 670 1446; x_wconf 83' lang='lat' dir='ltr'>Georgio</span> <span class='ocrx_word' id='word_1_44' title='bbox 704 1359 809 1445; x_wconf 88' lang='lat' dir='ltr'>Boyes</span> <span class='ocrx_word' id='word_1_45' title='bbox 840 1367 874 1424; x_wconf 91' lang='lat' dir='ltr'>et</span> <span class='ocrx_word' id='word_1_46' title='bbox 902 1358 1030 1424; x_wconf 83' lang='lat' dir='ltr'>Joenne</span> <span class='ocrx_word' id='word_1_47' title='bbox 1061 1357 1159 1444; x_wconf 86' lang='lat' dir='ltr'>Guyn</span> <span class='ocrx_word' id='word_1_48' title='bbox 1193 1379 1343 1445; x_wconf 88' lang='lat' dir='ltr'>procure-</span> 
     </span>
     <span class='ocr_line' id='line_1_8' title="bbox 273 1465 399 1530; baseline 0 0"><span class='ocrx_word' id='word_1_49' title='bbox 273 1465 399 1530; x_wconf 85' lang='lat' dir='ltr'>toribus</span> 
     </span>
    </p>
   </div>
   <div class='ocr_carea' id='block_1_4' title="bbox 546 1622 986 1690">
    <p class='ocr_par' dir='ltr' id='par_1_4' title="bbox 546 1622 986 1690">
     <span class='ocr_line' id='line_1_9' title="bbox 546 1622 986 1690; baseline 0 -2"><span class='ocrx_word' id='word_1_50' title='bbox 546 1623 778 1690; x_wconf 81' lang='lat' dir='ltr'>Boccheleurei</span> <span class='ocrx_word' id='word_1_51' title='bbox 802 1623 836 1688; x_wconf 92' lang='lat' dir='ltr'>in</span> <span class='ocrx_word' id='word_1_52' title='bbox 859 1622 986 1688; x_wconf 84' lang='lat' dir='ltr'>artibus</span> 
     </span>
    </p>
   </div>
   <div class='ocr_carea' id='block_1_5' title="bbox 183 1785 1345 4420">
    <p class='ocr_par' dir='ltr' id='par_1_5' title="bbox 186 1785 1345 2386">
     <span class='ocr_line' id='line_1_10' title="bbox 186 1785 1344 1858; baseline 0.001 -17"><span class='ocrx_word' id='word_1_53' title='bbox 186 1787 221 1841; x_wconf 92' lang='lat' dir='ltr'>In</span> <span class='ocrx_word' id='word_1_54' title='bbox 235 1787 334 1858; x_wconf 89' lang='lat' dir='ltr'>primis</span> <span class='ocrx_word' id='word_1_55' title='bbox 346 1787 509 1856; x_wconf 84' lang='lat' dir='ltr'>conceditur</span> <span class='ocrx_word' id='word_1_56' title='bbox 524 1786 702 1842; x_wconf 83' lang='lat' dir='ltr'>FerdInendo</span> <span class='ocrx_word' id='word_1_57' title='bbox 719 1786 822 1841; x_wconf 89' lang='lat' dir='ltr'>Pulton</span> <span class='ocrx_word' id='word_1_58' title='bbox 834 1793 867 1840; x_wconf 84' lang='lat' dir='ltr'>vt</span> <span class='ocrx_word' id='word_1_59' title='bbox 881 1789 913 1840; x_wconf 76' lang='lat'>12</span> <span class='ocrx_word' id='word_1_60' title='bbox 926 1785 1039 1840; x_wconf 83' lang='lat' dir='ltr'>termini</span> <span class='ocrx_word' id='word_1_61' title='bbox 1052 1786 1082 1839; x_wconf 94' lang='lat' dir='ltr'>in</span> <span class='ocrx_word' id='word_1_62' title='bbox 1095 1785 1199 1856; x_wconf 91' lang='lat' dir='ltr'>quibus</span> <span class='ocrx_word' id='word_1_63' title='bbox 1211 1787 1344 1842; x_wconf 87' lang='lat' dir='ltr'>lectiones</span> 
     </span>
     <span class='ocr_line' id='line_1_11' title="bbox 257 1874 1343 1932; baseline 0.003 -3"><span class='ocrx_word' id='word_1_64' title='bbox 257 1876 411 1929; x_wconf 75' lang='lat' dir='ltr'>ordinaries</span> <span class='ocrx_word' id='word_1_65' title='bbox 429 1875 540 1930; x_wconf 81' lang='lat' dir='ltr'>audiuit</span> <span class='ocrx_word' id='word_1_66' title='bbox 558 1876 624 1931; x_wconf 88' lang='lat' dir='ltr'>licet</span> <span class='ocrx_word' id='word_1_67' title='bbox 642 1893 697 1929; x_wconf 92' lang='lat' dir='ltr'>non</span> <span class='ocrx_word' id='word_1_68' title='bbox 717 1875 831 1929; x_wconf 89' lang='lat' dir='ltr'>omnino</span> <span class='ocrx_word' id='word_1_69' title='bbox 849 1874 1002 1930; x_wconf 89' lang='lat' dir='ltr'>secundum</span> <span class='ocrx_word' id='word_1_70' title='bbox 1020 1875 1139 1930; x_wconf 83' lang='lat' dir='ltr'>formem</span> <span class='ocrx_word' id='word_1_71' title='bbox 1158 1876 1260 1932; x_wconf 74' lang='lat' dir='ltr'>statuti</span> <span class='ocrx_word' id='word_1_72' title='bbox 1279 1895 1343 1932; x_wconf 90' lang='lat' dir='ltr'>oum</span> 
     </span>
     <span class='ocr_line' id='line_1_12' title="bbox 257 1962 1345 2036; baseline 0.003 -19"><span class='ocrx_word' id='word_1_73' title='bbox 257 1962 480 2034; x_wconf 88' lang='lat' dir='ltr'>oppositionibus</span> <span class='ocrx_word' id='word_1_74' title='bbox 496 1967 526 2018; x_wconf 89' lang='lat' dir='ltr'>et</span> <span class='ocrx_word' id='word_1_75' title='bbox 542 1962 771 2034; x_wconf 76' lang='lat' dir='ltr'>responsionibus</span> <span class='ocrx_word' id='word_1_76' title='bbox 785 1963 928 2032; x_wconf 73' lang='lat' dir='ltr'>requisitis</span> <span class='ocrx_word' id='word_1_77' title='bbox 943 1963 1084 2017; x_wconf 88' lang='lat' dir='ltr'>sufficient</span> <span class='ocrx_word' id='word_1_78' title='bbox 1096 1964 1121 2018; x_wconf 93' lang='lat' dir='ltr'>ei</span> <span class='ocrx_word' id='word_1_79' title='bbox 1134 1981 1185 2035; x_wconf 90' lang='lat' dir='ltr'>pro</span> <span class='ocrx_word' id='word_1_80' title='bbox 1197 1965 1345 2036; x_wconf 86' lang='lat' dir='ltr'>completis</span> 
     </span>
     <span class='ocr_line' id='line_1_13' title="bbox 256 2050 1345 2122; baseline 0.004 -16"><span class='ocrx_word' id='word_1_81' title='bbox 256 2052 344 2122; x_wconf 81' lang='lat' dir='ltr'>gredu</span> <span class='ocrx_word' id='word_1_82' title='bbox 365 2058 394 2106; x_wconf 89' lang='lat' dir='ltr'>et</span> <span class='ocrx_word' id='word_1_83' title='bbox 415 2053 506 2107; x_wconf 82' lang='lat' dir='ltr'>forms</span> <span class='ocrx_word' id='word_1_84' title='bbox 529 2052 777 2108; x_wconf 80' lang='lat' dir='ltr'>beccheleureetus</span> <span class='ocrx_word' id='word_1_85' title='bbox 798 2052 827 2105; x_wconf 91' lang='lat' dir='ltr'>in</span> <span class='ocrx_word' id='word_1_86' title='bbox 848 2050 958 2106; x_wconf 79' lang='lat' dir='ltr'>artibus</span> <span class='ocrx_word' id='word_1_87' title='bbox 1006 2053 1052 2106; x_wconf 87' lang='lat' dir='ltr'>Sic</span> <span class='ocrx_word' id='word_1_88' title='bbox 1073 2052 1148 2122; x_wconf 92' lang='lat' dir='ltr'>quod</span> <span class='ocrx_word' id='word_1_89' title='bbox 1169 2055 1345 2110; x_wconf 75' lang='lat' dir='ltr'>examinetur</span> 
     </span>
     <span class='ocr_line' id='line_1_14' title="bbox 257 2139 1343 2211; baseline 0.002 -17"><span class='ocrx_word' id='word_1_90' title='bbox 257 2145 286 2194; x_wconf 90' lang='lat' dir='ltr'>et</span> <span class='ocrx_word' id='word_1_91' title='bbox 309 2139 480 2211; x_wconf 81' lang='lat' dir='ltr'>approbetur</span> <span class='ocrx_word' id='word_1_92' title='bbox 503 2141 670 2195; x_wconf 89' lang='lat' dir='ltr'>eonviuetur</span> <span class='ocrx_word' id='word_1_93' title='bbox 692 2146 721 2194; x_wconf 89' lang='lat' dir='ltr'>et</span> <span class='ocrx_word' id='word_1_94' title='bbox 746 2144 839 2194; x_wconf 83' lang='lat' dir='ltr'>cetere</span> <span class='ocrx_word' id='word_1_95' title='bbox 862 2144 977 2210; x_wconf 76' lang='lat' dir='ltr'>peraget</span> <span class='ocrx_word' id='word_1_96' title='bbox 997 2139 1080 2210; x_wconf 85' lang='lat' dir='ltr'>juxte</span> <span class='ocrx_word' id='word_1_97' title='bbox 1101 2141 1220 2195; x_wconf 80' lang='lat' dir='ltr'>fonnem</span> <span class='ocrx_word' id='word_1_98' title='bbox 1241 2143 1343 2197; x_wconf 77' lang='lat' dir='ltr'>statuti</span> 
     </span>
     <span class='ocr_line' id='line_1_15' title="bbox 257 2225 1343 2298; baseline 0.001 -18"><span class='ocrx_word' id='word_1_99' title='bbox 257 2227 391 2296; x_wconf 85' lang='lat' dir='ltr'>quonism</span> <span class='ocrx_word' id='word_1_100' title='bbox 414 2225 678 2280; x_wconf 80' lang='lat' dir='ltr'>determinationem</span> <span class='ocrx_word' id='word_1_101' title='bbox 699 2226 811 2280; x_wconf 78' lang='lat' dir='ltr'>finalem</span> <span class='ocrx_word' id='word_1_102' title='bbox 833 2225 893 2280; x_wconf 90' lang='lat' dir='ltr'>sine</span> <span class='ocrx_word' id='word_1_103' title='bbox 914 2226 1037 2280; x_wconf 76' lang='lat' dir='ltr'>maximo</span> <span class='ocrx_word' id='word_1_104' title='bbox 1058 2243 1109 2280; x_wconf 88' lang='lat' dir='ltr'>suo</span> <span class='ocrx_word' id='word_1_105' title='bbox 1130 2225 1277 2298; x_wconf 89' lang='lat' dir='ltr'>dispendio</span> <span class='ocrx_word' id='word_1_106' title='bbox 1298 2245 1343 2281; x_wconf 88' lang='lat' dir='ltr'>ex-</span> 
     </span>
     <span class='ocr_line' id='line_1_16' title="bbox 256 2319 555 2386; baseline 0 -17"><span class='ocrx_word' id='word_1_107' title='bbox 256 2319 368 2386; x_wconf 83' lang='lat' dir='ltr'>pectere</span> <span class='ocrx_word' id='word_1_108' title='bbox 385 2332 443 2369; x_wconf 92' lang='lat' dir='ltr'>non</span> <span class='ocrx_word' id='word_1_109' title='bbox 460 2319 555 2386; x_wconf 92' lang='lat' dir='ltr'>potest</span> 
     </span>
    </p>

    <p class='ocr_par' dir='ltr' id='par_1_6' title="bbox 187 2401 1345 2736">
     <span class='ocr_line' id='line_1_17' title="bbox 187 2401 1345 2475; baseline -0.001 -16"><span class='ocrx_word' id='word_1_110' title='bbox 187 2405 261 2459; x_wconf 87' lang='lat' dir='ltr'>Item</span> <span class='ocrx_word' id='word_1_111' title='bbox 278 2403 441 2458; x_wconf 89' lang='lat' dir='ltr'>conceditur</span> <span class='ocrx_word' id='word_1_112' title='bbox 453 2402 593 2458; x_wconf 91' lang='lat' dir='ltr'>Willelmo</span> <span class='ocrx_word' id='word_1_113' title='bbox 610 2402 703 2475; x_wconf 86' lang='lat' dir='ltr'>Byrde</span> <span class='ocrx_word' id='word_1_114' title='bbox 716 2408 747 2458; x_wconf 90' lang='lat' dir='ltr'>vt</span> <span class='ocrx_word' id='word_1_115' title='bbox 763 2401 909 2457; x_wconf 89' lang='lat' dir='ltr'>duodecim</span> <span class='ocrx_word' id='word_1_116' title='bbox 923 2403 1036 2457; x_wconf 85' lang='lat' dir='ltr'>termini</span> <span class='ocrx_word' id='word_1_117' title='bbox 1049 2403 1077 2458; x_wconf 91' lang='lat' dir='ltr'>in</span> <span class='ocrx_word' id='word_1_118' title='bbox 1096 2401 1199 2473; x_wconf 91' lang='lat' dir='ltr'>quibus</span> <span class='ocrx_word' id='word_1_119' title='bbox 1211 2402 1345 2458; x_wconf 89' lang='lat' dir='ltr'>lectiones</span> 
     </span>
     <span class='ocr_line' id='line_1_18' title="bbox 257 2488 1344 2545; baseline 0 0"><span class='ocrx_word' id='word_1_120' title='bbox 257 2490 413 2545; x_wconf 76' lang='lat' dir='ltr'>ordinaries</span> <span class='ocrx_word' id='word_1_121' title='bbox 430 2489 542 2544; x_wconf 90' lang='lat' dir='ltr'>eudiuit</span> <span class='ocrx_word' id='word_1_122' title='bbox 559 2489 625 2544; x_wconf 89' lang='lat' dir='ltr'>licet</span> <span class='ocrx_word' id='word_1_123' title='bbox 643 2507 699 2544; x_wconf 90' lang='lat' dir='ltr'>non</span> <span class='ocrx_word' id='word_1_124' title='bbox 718 2490 832 2544; x_wconf 86' lang='lat' dir='ltr'>omuino</span> <span class='ocrx_word' id='word_1_125' title='bbox 851 2488 1004 2545; x_wconf 89' lang='lat' dir='ltr'>secuudum</span> <span class='ocrx_word' id='word_1_126' title='bbox 1023 2491 1141 2545; x_wconf 79' lang='lat' dir='ltr'>formem</span> <span class='ocrx_word' id='word_1_127' title='bbox 1160 2491 1262 2545; x_wconf 81' lang='lat' dir='ltr'>statuti</span> <span class='ocrx_word' id='word_1_128' title='bbox 1279 2508 1344 2545; x_wconf 89' lang='lat' dir='ltr'>cum</span> 
     </span>
     <span class='ocr_line' id='line_1_19' title="bbox 257 2578 1344 2652; baseline 0.001 -18"><span class='ocrx_word' id='word_1_129' title='bbox 257 2578 480 2651; x_wconf 87' lang='lat' dir='ltr'>oppositionibus</span> <span class='ocrx_word' id='word_1_130' title='bbox 501 2583 531 2632; x_wconf 92' lang='lat' dir='ltr'>et</span> <span class='ocrx_word' id='word_1_131' title='bbox 552 2578 780 2649; x_wconf 84' lang='lat' dir='ltr'>responsionibus</span> <span class='ocrx_word' id='word_1_132' title='bbox 801 2580 944 2650; x_wconf 89' lang='lat' dir='ltr'>requisitis</span> <span class='ocrx_word' id='word_1_133' title='bbox 965 2579 1107 2634; x_wconf 88' lang='lat' dir='ltr'>sufficient</span> <span class='ocrx_word' id='word_1_134' title='bbox 1127 2581 1152 2634; x_wconf 89' lang='lat' dir='ltr'>ei</span> <span class='ocrx_word' id='word_1_135' title='bbox 1175 2579 1210 2634; x_wconf 90' lang='lat' dir='ltr'>nd</span> <span class='ocrx_word' id='word_1_136' title='bbox 1232 2598 1344 2652; x_wconf 89' lang='lat' dir='ltr'>respon·</span> 
     </span>
     <span class='ocr_line' id='line_1_20' title="bbox 257 2666 540 2736; baseline -0.007 -14"><span class='ocrx_word' id='word_1_137' title='bbox 257 2667 380 2722; x_wconf 91' lang='lat' dir='ltr'>dendum</span> <span class='ocrx_word' id='word_1_138' title='bbox 399 2666 540 2736; x_wconf 88' lang='lat' dir='ltr'>questioni</span> 
     </span>
    </p>

    <p class='ocr_par' dir='ltr' id='par_1_7' title="bbox 186 2753 1345 2988">
     <span class='ocr_line' id='line_1_21' title="bbox 186 2753 1345 2825; baseline 0.001 -13"><span class='ocrx_word' id='word_1_139' title='bbox 186 2755 293 2812; x_wconf 79' lang='lat' dir='ltr'>Eodem</span> <span class='ocrx_word' id='word_1_140' title='bbox 312 2755 404 2825; x_wconf 74' lang='lat' dir='ltr'>gretie</span> <span class='ocrx_word' id='word_1_141' title='bbox 422 2754 457 2809; x_wconf 93' lang='lat' dir='ltr'>de</span> <span class='ocrx_word' id='word_1_142' title='bbox 475 2754 561 2809; x_wconf 85' lang='lat' dir='ltr'>verbo</span> <span class='ocrx_word' id='word_1_143' title='bbox 580 2754 609 2809; x_wconf 93' lang='lat' dir='ltr'>in</span> <span class='ocrx_word' id='word_1_144' title='bbox 627 2753 743 2808; x_wconf 89' lang='lat' dir='ltr'>verbum</span> <span class='ocrx_word' id='word_1_145' title='bbox 764 2755 927 2810; x_wconf 89' lang='lat' dir='ltr'>conceditur</span> <span class='ocrx_word' id='word_1_146' title='bbox 949 2755 1087 2810; x_wconf 78' lang='lat' dir='ltr'>Richardo</span> <span class='ocrx_word' id='word_1_147' title='bbox 1105 2755 1220 2811; x_wconf 83' lang='lat' dir='ltr'>Welker</span> <span class='ocrx_word' id='word_1_148' title='bbox 1238 2755 1345 2814; x_wconf 87' lang='lat' dir='ltr'>Thome</span> 
     </span>
     <span class='ocr_line' id='line_1_22' title="bbox 257 2843 1345 2920; baseline 0.002 -20"><span class='ocrx_word' id='word_1_149' title='bbox 257 2847 359 2900; x_wconf 81' lang='lat' dir='ltr'>Remos</span> <span class='ocrx_word' id='word_1_150' title='bbox 389 2844 530 2900; x_wconf 89' lang='lat' dir='ltr'>Willelmo</span> <span class='ocrx_word' id='word_1_151' title='bbox 558 2843 737 2915; x_wconf 84' lang='lat' dir='ltr'>Bowtersbye</span> <span class='ocrx_word' id='word_1_152' title='bbox 767 2845 917 2916; x_wconf 60' lang='lat' dir='ltr'>Rogeroffl)</span> <span class='ocrx_word' id='word_1_153' title='bbox 949 2845 1064 2916; x_wconf 85' lang='lat' dir='ltr'>Otweye</span> <span class='ocrx_word' id='word_1_154' title='bbox 1093 2845 1216 2901; x_wconf 86' lang='lat' dir='ltr'>Roberto</span> <span class='ocrx_word' id='word_1_155' title='bbox 1243 2847 1345 2920; x_wconf 81' lang='lat' dir='ltr'>&#39;I&#39;eyler</span> 
     </span>
     <span class='ocr_line' id='line_1_23' title="bbox 258 2931 912 2988; baseline -0.002 0"><span class='ocrx_word' id='word_1_156' title='bbox 258 2933 380 2988; x_wconf 89' lang='lat' dir='ltr'>Henrico</span> <span class='ocrx_word' id='word_1_157' title='bbox 400 2932 502 2987; x_wconf 77' lang='lat' dir='ltr'>Hence</span> <span class='ocrx_word' id='word_1_158' title='bbox 520 2935 551 2986; x_wconf 88' lang='lat' dir='ltr'>et</span> <span class='ocrx_word' id='word_1_159' title='bbox 570 2931 719 2987; x_wconf 83' lang='lat' dir='ltr'>Edmundo</span> <span class='ocrx_word' id='word_1_160' title='bbox 738 2931 912 2988; x_wconf 82' lang='lat' dir='ltr'>Sherbrooke</span> 
     </span>
    </p>

    <p class='ocr_par' dir='ltr' id='par_1_8' title="bbox 187 3019 1345 3358">
     <span class='ocr_line' id='line_1_24' title="bbox 187 3019 1345 3093; baseline 0 -16"><span class='ocrx_word' id='word_1_161' title='bbox 187 3022 262 3077; x_wconf 91' lang='lat' dir='ltr'>Item</span> <span class='ocrx_word' id='word_1_162' title='bbox 279 3020 442 3076; x_wconf 90' lang='lat' dir='ltr'>conceditur</span> <span class='ocrx_word' id='word_1_163' title='bbox 458 3019 581 3074; x_wconf 84' lang='lat' dir='ltr'>Roberto</span> <span class='ocrx_word' id='word_1_164' title='bbox 599 3020 704 3076; x_wconf 86' lang='lat' dir='ltr'>Perker</span> <span class='ocrx_word' id='word_1_165' title='bbox 716 3026 748 3076; x_wconf 91' lang='lat' dir='ltr'>vt</span> <span class='ocrx_word' id='word_1_166' title='bbox 764 3020 910 3076; x_wconf 90' lang='lat' dir='ltr'>duodecim</span> <span class='ocrx_word' id='word_1_167' title='bbox 923 3021 1037 3076; x_wconf 83' lang='lat' dir='ltr'>termini</span> <span class='ocrx_word' id='word_1_168' title='bbox 1049 3022 1181 3092; x_wconf 89' lang='lat' dir='ltr'>completi</span> <span class='ocrx_word' id='word_1_169' title='bbox 1199 3022 1345 3093; x_wconf 89' lang='lat' dir='ltr'>inquibus</span> 
     </span>
     <span class='ocr_line' id='line_1_25' title="bbox 256 3108 1344 3166; baseline 0.001 -1"><span class='ocrx_word' id='word_1_170' title='bbox 256 3110 390 3166; x_wconf 90' lang='lat' dir='ltr'>lectiones</span> <span class='ocrx_word' id='word_1_171' title='bbox 417 3108 572 3163; x_wconf 82' lang='lat' dir='ltr'>ordinaries</span> <span class='ocrx_word' id='word_1_172' title='bbox 599 3109 709 3164; x_wconf 89' lang='lat' dir='ltr'>eudiuit</span> <span class='ocrx_word' id='word_1_173' title='bbox 735 3109 802 3164; x_wconf 88' lang='lat' dir='ltr'>licet</span> <span class='ocrx_word' id='word_1_174' title='bbox 826 3126 882 3163; x_wconf 93' lang='lat' dir='ltr'>non</span> <span class='ocrx_word' id='word_1_175' title='bbox 906 3110 1021 3163; x_wconf 89' lang='lat' dir='ltr'>omniuo</span> <span class='ocrx_word' id='word_1_176' title='bbox 1045 3110 1199 3165; x_wconf 87' lang='lat' dir='ltr'>seeundum</span> <span class='ocrx_word' id='word_1_177' title='bbox 1224 3111 1344 3166; x_wconf 83' lang='lat' dir='ltr'>formem</span> 
     </span>
     <span class='ocr_line' id='line_1_26' title="bbox 256 3195 1344 3268; baseline 0.001 -15"><span class='ocrx_word' id='word_1_178' title='bbox 256 3197 359 3254; x_wconf 77' lang='lat' dir='ltr'>statuti</span> <span class='ocrx_word' id='word_1_179' title='bbox 377 3213 442 3251; x_wconf 90' lang='lat' dir='ltr'>cum</span> <span class='ocrx_word' id='word_1_180' title='bbox 460 3196 685 3268; x_wconf 90' lang='lat' dir='ltr'>oppositionibus</span> <span class='ocrx_word' id='word_1_181' title='bbox 703 3203 732 3253; x_wconf 90' lang='lat' dir='ltr'>et</span> <span class='ocrx_word' id='word_1_182' title='bbox 750 3195 978 3268; x_wconf 87' lang='lat' dir='ltr'>responsionibus</span> <span class='ocrx_word' id='word_1_183' title='bbox 997 3198 1141 3268; x_wconf 78' lang='lat' dir='ltr'>requisitis</span> <span class='ocrx_word' id='word_1_184' title='bbox 1158 3199 1300 3254; x_wconf 86' lang='lat' dir='ltr'>sufficient</span> <span class='ocrx_word' id='word_1_185' title='bbox 1318 3201 1344 3255; x_wconf 92' lang='lat' dir='ltr'>ei</span> 
     </span>
     <span class='ocr_line' id='line_1_27' title="bbox 257 3284 825 3358; baseline -0.004 -16"><span class='ocrx_word' id='word_1_186' title='bbox 257 3286 293 3342; x_wconf 87' lang='lat' dir='ltr'>ed</span> <span class='ocrx_word' id='word_1_187' title='bbox 310 3284 535 3358; x_wconf 89' lang='lat' dir='ltr'>respondendum</span> <span class='ocrx_word' id='word_1_188' title='bbox 553 3287 693 3356; x_wconf 87' lang='lat' dir='ltr'>questioni</span> <span class='ocrx_word' id='word_1_189' title='bbox 820 3317 825 3327; x_wconf 94' lang='lat'>·</span> 
     </span>
    </p>

    <p class='ocr_par' dir='ltr' id='par_1_9' title="bbox 185 3373 1345 3518">
     <span class='ocr_line' id='line_1_28' title="bbox 185 3373 1345 3446; baseline 0.002 -16"><span class='ocrx_word' id='word_1_190' title='bbox 185 3375 293 3431; x_wconf 81' lang='lat' dir='ltr'>Eodem</span> <span class='ocrx_word' id='word_1_191' title='bbox 314 3375 404 3446; x_wconf 80' lang='lat' dir='ltr'>gretie</span> <span class='ocrx_word' id='word_1_192' title='bbox 423 3373 459 3430; x_wconf 92' lang='lat' dir='ltr'>de</span> <span class='ocrx_word' id='word_1_193' title='bbox 478 3373 563 3428; x_wconf 83' lang='lat' dir='ltr'>verbo</span> <span class='ocrx_word' id='word_1_194' title='bbox 584 3375 614 3428; x_wconf 91' lang='lat' dir='ltr'>in</span> <span class='ocrx_word' id='word_1_195' title='bbox 634 3374 750 3429; x_wconf 84' lang='lat' dir='ltr'>verbum</span> <span class='ocrx_word' id='word_1_196' title='bbox 772 3375 935 3430; x_wconf 82' lang='lat' dir='ltr'>conceditur</span> <span class='ocrx_word' id='word_1_197' title='bbox 954 3374 1058 3430; x_wconf 78' lang='lat' dir='ltr'>Ioanni</span> <span class='ocrx_word' id='word_1_198' title='bbox 1077 3374 1182 3430; x_wconf 91' lang='lat' dir='ltr'>Woode</span> <span class='ocrx_word' id='word_1_199' title='bbox 1205 3376 1345 3432; x_wconf 81' lang='lat' dir='ltr'>Richardo</span> 
     </span>
     <span class='ocr_line' id='line_1_29' title="bbox 257 3460 1077 3518; baseline -0.002 0"><span class='ocrx_word' id='word_1_200' title='bbox 257 3461 444 3518; x_wconf 86' lang='lat' dir='ltr'>Sheekelccke</span> <span class='ocrx_word' id='word_1_201' title='bbox 462 3460 602 3515; x_wconf 75' lang='lat' dir='ltr'>Richardo</span> <span class='ocrx_word' id='word_1_202' title='bbox 621 3460 688 3515; x_wconf 82' lang='lat' dir='ltr'>Hell</span> <span class='ocrx_word' id='word_1_203' title='bbox 706 3465 736 3515; x_wconf 89' lang='lat' dir='ltr'>et</span> <span class='ocrx_word' id='word_1_204' title='bbox 754 3461 936 3516; x_wconf 83' lang='lat' dir='ltr'>Mermeduco</span> <span class='ocrx_word' id='word_1_205' title='bbox 956 3462 1077 3516; x_wconf 86' lang='lat' dir='ltr'>Munson</span> 
     </span>
    </p>

    <p class='ocr_par' dir='ltr' id='par_1_10' title="bbox 186 3547 1344 3886">
     <span class='ocr_line' id='line_1_30' title="bbox 186 3547 1344 3621; baseline 0 -13"><span class='ocrx_word' id='word_1_206' title='bbox 186 3552 262 3608; x_wconf 84' lang='lat' dir='ltr'>Item</span> <span class='ocrx_word' id='word_1_207' title='bbox 282 3549 444 3606; x_wconf 82' lang='lat' dir='ltr'>conceditur</span> <span class='ocrx_word' id='word_1_208' title='bbox 465 3549 582 3620; x_wconf 80' lang='lat' dir='ltr'>Georgio</span> <span class='ocrx_word' id='word_1_209' title='bbox 604 3547 767 3606; x_wconf 86' lang='lat' dir='ltr'>Chetburne</span> <span class='ocrx_word' id='word_1_210' title='bbox 787 3555 820 3605; x_wconf 85' lang='lat' dir='ltr'>vt</span> <span class='ocrx_word' id='word_1_211' title='bbox 843 3555 877 3604; x_wconf 90' lang='lat'>10</span> <span class='ocrx_word' id='word_1_212' title='bbox 897 3551 1011 3605; x_wconf 82' lang='lat' dir='ltr'>termini</span> <span class='ocrx_word' id='word_1_213' title='bbox 1035 3551 1065 3605; x_wconf 93' lang='lat' dir='ltr'>in</span> <span class='ocrx_word' id='word_1_214' title='bbox 1088 3549 1191 3621; x_wconf 91' lang='lat' dir='ltr'>quibus</span> <span class='ocrx_word' id='word_1_215' title='bbox 1210 3551 1344 3608; x_wconf 87' lang='lat' dir='ltr'>lectiones</span> 
     </span>
     <span class='ocr_line' id='line_1_31' title="bbox 256 3637 1343 3698; baseline 0.002 -3"><span class='ocrx_word' id='word_1_216' title='bbox 256 3639 411 3695; x_wconf 80' lang='lat' dir='ltr'>ordinaries</span> <span class='ocrx_word' id='word_1_217' title='bbox 428 3637 540 3694; x_wconf 80' lang='lat' dir='ltr'>audiuit</span> <span class='ocrx_word' id='word_1_218' title='bbox 557 3637 623 3692; x_wconf 89' lang='lat' dir='ltr'>licet</span> <span class='ocrx_word' id='word_1_219' title='bbox 640 3637 695 3693; x_wconf 77' lang='lat' dir='ltr'>n&#39;on</span> <span class='ocrx_word' id='word_1_220' title='bbox 715 3638 830 3693; x_wconf 90' lang='lat' dir='ltr'>omnino</span> <span class='ocrx_word' id='word_1_221' title='bbox 847 3637 1002 3694; x_wconf 87' lang='lat' dir='ltr'>seeundum</span> <span class='ocrx_word' id='word_1_222' title='bbox 1020 3639 1139 3694; x_wconf 80' lang='lat' dir='ltr'>formem</span> <span class='ocrx_word' id='word_1_223' title='bbox 1157 3641 1259 3695; x_wconf 84' lang='lat' dir='ltr'>stotuti</span> <span class='ocrx_word' id='word_1_224' title='bbox 1279 3660 1343 3698; x_wconf 90' lang='lat' dir='ltr'>eum</span> 
     </span>
     <span class='ocr_line' id='line_1_32' title="bbox 255 3724 1342 3801; baseline 0.003 -19"><span class='ocrx_word' id='word_1_225' title='bbox 255 3724 479 3800; x_wconf 88' lang='lat' dir='ltr'>oppositionibus</span> <span class='ocrx_word' id='word_1_226' title='bbox 500 3729 529 3780; x_wconf 90' lang='lat' dir='ltr'>et</span> <span class='ocrx_word' id='word_1_227' title='bbox 549 3725 778 3797; x_wconf 90' lang='lat' dir='ltr'>responsionibus</span> <span class='ocrx_word' id='word_1_228' title='bbox 798 3727 942 3798; x_wconf 85' lang='lat' dir='ltr'>requisitis</span> <span class='ocrx_word' id='word_1_229' title='bbox 963 3727 1105 3783; x_wconf 85' lang='lat' dir='ltr'>sufficient</span> <span class='ocrx_word' id='word_1_230' title='bbox 1126 3728 1151 3782; x_wconf 91' lang='lat' dir='ltr'>ei</span> <span class='ocrx_word' id='word_1_231' title='bbox 1172 3728 1208 3783; x_wconf 88' lang='lat' dir='ltr'>ed</span> <span class='ocrx_word' id='word_1_232' title='bbox 1230 3747 1342 3801; x_wconf 88' lang='lat' dir='ltr'>respon-</span> 
     </span>
     <span class='ocr_line' id='line_1_33' title="bbox 255 3813 539 3886; baseline -0.011 -15"><span class='ocrx_word' id='word_1_233' title='bbox 255 3814 379 3871; x_wconf 90' lang='lat' dir='ltr'>dendum</span> <span class='ocrx_word' id='word_1_234' title='bbox 396 3813 539 3886; x_wconf 87' lang='lat' dir='ltr'>questioni</span> 
     </span>
    </p>

    <p class='ocr_par' dir='ltr' id='par_1_11' title="bbox 185 3900 1343 4243">
     <span class='ocr_line' id='line_1_34' title="bbox 185 3900 1342 3975; baseline 0.001 -15"><span class='ocrx_word' id='word_1_235' title='bbox 185 3905 261 3960; x_wconf 89' lang='lat' dir='ltr'>Item</span> <span class='ocrx_word' id='word_1_236' title='bbox 279 3903 441 3959; x_wconf 89' lang='lat' dir='ltr'>conceditur</span> <span class='ocrx_word' id='word_1_237' title='bbox 459 3900 617 3956; x_wconf 80' lang='lat' dir='ltr'>Humfredo</span> <span class='ocrx_word' id='word_1_238' title='bbox 635 3901 743 3957; x_wconf 89' lang='lat' dir='ltr'>Bohom</span> <span class='ocrx_word' id='word_1_239' title='bbox 761 3908 793 3956; x_wconf 84' lang='lat' dir='ltr'>vt</span> <span class='ocrx_word' id='word_1_240' title='bbox 812 3905 842 3956; x_wconf 84' lang='lat'>11</span> <span class='ocrx_word' id='word_1_241' title='bbox 863 3903 977 3958; x_wconf 88' lang='lat' dir='ltr'>termini</span> <span class='ocrx_word' id='word_1_242' title='bbox 996 3920 1061 3958; x_wconf 90' lang='lat' dir='ltr'>cnm</span> <span class='ocrx_word' id='word_1_243' title='bbox 1080 3921 1112 3958; x_wconf 94' lang='lat' dir='ltr'>eo</span> <span class='ocrx_word' id='word_1_244' title='bbox 1130 3903 1159 3958; x_wconf 90' lang='lat' dir='ltr'>iu</span> <span class='ocrx_word' id='word_1_245' title='bbox 1178 3922 1235 3975; x_wconf 93' lang='lat' dir='ltr'>quo</span> <span class='ocrx_word' id='word_1_246' title='bbox 1252 3905 1342 3961; x_wconf 86' lang='lat' dir='ltr'>deter-</span> 
     </span>
     <span class='ocr_line' id='line_1_35' title="bbox 256 3987 1343 4060; baseline 0.003 -14"><span class='ocrx_word' id='word_1_247' title='bbox 256 3991 416 4047; x_wconf 75' lang='lat' dir='ltr'>minaturus</span> <span class='ocrx_word' id='word_1_248' title='bbox 432 3992 477 4046; x_wconf 88' lang='lat' dir='ltr'>est</span> <span class='ocrx_word' id='word_1_249' title='bbox 488 3990 518 4044; x_wconf 90' lang='lat' dir='ltr'>in</span> <span class='ocrx_word' id='word_1_250' title='bbox 531 3987 635 4060; x_wconf 90' lang='lat' dir='ltr'>quibus</span> <span class='ocrx_word' id='word_1_251' title='bbox 646 3989 780 4045; x_wconf 88' lang='lat' dir='ltr'>lectiones</span> <span class='ocrx_word' id='word_1_252' title='bbox 792 3989 947 4045; x_wconf 80' lang='lat' dir='ltr'>ordinaries</span> <span class='ocrx_word' id='word_1_253' title='bbox 958 3990 1070 4046; x_wconf 78' lang='lat' dir='ltr'>audiuit</span> <span class='ocrx_word' id='word_1_254' title='bbox 1081 3990 1147 4046; x_wconf 91' lang='lat' dir='ltr'>licet</span> <span class='ocrx_word' id='word_1_255' title='bbox 1159 4010 1215 4047; x_wconf 90' lang='lat' dir='ltr'>non</span> <span class='ocrx_word' id='word_1_256' title='bbox 1228 3994 1343 4049; x_wconf 91' lang='lat' dir='ltr'>omnino</span> 
     </span>
     <span class='ocr_line' id='line_1_36' title="bbox 255 4077 1342 4152; baseline 0.002 -15"><span class='ocrx_word' id='word_1_257' title='bbox 255 4079 410 4137; x_wconf 89' lang='lat' dir='ltr'>secundum</span> <span class='ocrx_word' id='word_1_258' title='bbox 428 4080 548 4136; x_wconf 79' lang='lat' dir='ltr'>sormam</span> <span class='ocrx_word' id='word_1_259' title='bbox 566 4081 668 4136; x_wconf 87' lang='lat' dir='ltr'>stetuti</span> <span class='ocrx_word' id='word_1_260' title='bbox 686 4097 752 4134; x_wconf 91' lang='lat' dir='ltr'>cum</span> <span class='ocrx_word' id='word_1_261' title='bbox 769 4077 995 4151; x_wconf 88' lang='lat' dir='ltr'>oppositionibus</span> <span class='ocrx_word' id='word_1_262' title='bbox 1009 4083 1039 4135; x_wconf 93' lang='lat' dir='ltr'>et</span> <span class='ocrx_word' id='word_1_263' title='bbox 1056 4081 1285 4152; x_wconf 87' lang='lat' dir='ltr'>responsionibus</span> <span class='ocrx_word' id='word_1_264' title='bbox 1300 4101 1342 4139; x_wconf 82' lang='lat' dir='ltr'>re·</span> 
     </span>
     <span class='ocr_line' id='line_1_37' title="bbox 254 4167 999 4243; baseline -0.005 -17"><span class='ocrx_word' id='word_1_265' title='bbox 254 4170 369 4243; x_wconf 87' lang='lat' dir='ltr'>quisitis</span> <span class='ocrx_word' id='word_1_266' title='bbox 380 4169 522 4226; x_wconf 83' lang='lat' dir='ltr'>sufficiant</span> <span class='ocrx_word' id='word_1_267' title='bbox 534 4170 559 4225; x_wconf 92' lang='lat' dir='ltr'>ei</span> <span class='ocrx_word' id='word_1_268' title='bbox 572 4169 608 4225; x_wconf 86' lang='lat' dir='ltr'>cd</span> <span class='ocrx_word' id='word_1_269' title='bbox 621 4167 846 4240; x_wconf 83' lang='lat' dir='ltr'>respondendum</span> <span class='ocrx_word' id='word_1_270' title='bbox 857 4167 999 4239; x_wconf 90' lang='lat' dir='ltr'>questioni</span> 
     </span>
    </p>

    <p class='ocr_par' dir='ltr' id='par_1_12' title="bbox 183 4255 1342 4420">
     <span class='ocr_line' id='line_1_38' title="bbox 183 4255 1342 4330; baseline 0.001 -14"><span class='ocrx_word' id='word_1_271' title='bbox 183 4259 290 4317; x_wconf 78' lang='lat' dir='ltr'>Eodem</span> <span class='ocrx_word' id='word_1_272' title='bbox 320 4259 412 4330; x_wconf 83' lang='lat' dir='ltr'>gretie</span> <span class='ocrx_word' id='word_1_273' title='bbox 436 4257 472 4313; x_wconf 91' lang='lat' dir='ltr'>de</span> <span class='ocrx_word' id='word_1_274' title='bbox 496 4257 580 4313; x_wconf 88' lang='lat' dir='ltr'>verbo</span> <span class='ocrx_word' id='word_1_275' title='bbox 607 4258 636 4312; x_wconf 89' lang='lat' dir='ltr'>in</span> <span class='ocrx_word' id='word_1_276' title='bbox 661 4255 778 4313; x_wconf 89' lang='lat' dir='ltr'>verbum</span> <span class='ocrx_word' id='word_1_277' title='bbox 802 4255 964 4311; x_wconf 78' lang='lat' dir='ltr'>eoncedItur</span> <span class='ocrx_word' id='word_1_278' title='bbox 988 4255 1095 4313; x_wconf 87' lang='lat' dir='ltr'>Thome</span> <span class='ocrx_word' id='word_1_279' title='bbox 1120 4259 1210 4314; x_wconf 84' lang='lat' dir='ltr'>Yeero</span> <span class='ocrx_word' id='word_1_280' title='bbox 1235 4260 1342 4317; x_wconf 86' lang='lat' dir='ltr'>Thome</span> 
     </span>
     <span class='ocr_line' id='line_1_39' title="bbox 256 4345 656 4420; baseline -0.008 -17"><span class='ocrx_word' id='word_1_281' title='bbox 256 4347 373 4420; x_wconf 85' lang='lat' dir='ltr'>Shelyto</span> <span class='ocrx_word' id='word_1_282' title='bbox 390 4350 420 4402; x_wconf 89' lang='lat' dir='ltr'>et</span> <span class='ocrx_word' id='word_1_283' title='bbox 438 4345 542 4402; x_wconf 91' lang='lat' dir='ltr'>Deuidi</span> <span class='ocrx_word' id='word_1_284' title='bbox 560 4346 656 4401; x_wconf 85' lang='lat' dir='ltr'>Evene</span> 
     </span>
    </p>
   </div>
   <div class='ocr_carea' id='block_1_6' title="bbox 0 0 1692 5108">
    <p class='ocr_par' dir='ltr' id='par_1_13' title="bbox 0 0 1692 5108">
     <span class='ocr_line' id='line_1_40' title="bbox 0 0 1692 5108; baseline 0 0"><span class='ocrx_word' id='word_1_285' title='bbox 0 0 1692 5108; x_wconf 95' lang='lat' dir='ltr'> </span> 
     </span>
    </p>
   </div>
  </div>
 </body>
</html>
