3376 5108
214 358 376 443 1558-59]
648 375 762 422 onnon
786 371 878 422 suos
901 374 924 421 Δ
1048 317 1052 324 ¹
1308 359 1370 422 133

211 531 382 586 Conceditur
400 533 434 587 27
453 530 582 585 Januarii
604 529 672 584 Tho.
695 530 795 584 Laiton
817 533 851 584 vt
873 534 907 584 10
928 531 1041 584 termini
1064 531 1094 585 in
1115 529 1219 600 quibus
1238 531 1371 585 lectiones

283 617 438 673 ordinarias
456 616 568 672 audiuit
584 617 650 671 licet
668 635 724 672 non
743 617 856 671 omniuo
877 617 1030 672 secundum
1053 617 1171 672 sormam
1193 619 1295 673 statuti
1315 636 1371 672 vna

283 723 348 761 cum
366 704 591 778 oppositionibus
609 704 838 776 responsionibus
858 710 888 760 et
907 707 969 760 aliis
990 706 1129 760 exercitiis
1150 707 1293 777 requisitis
1312 708 1369 762 suf-

284 794 380 848 ficiant
398 793 424 848 ci
442 793 477 848 ad
496 791 722 863 respondendum
740 792 881 863 questioni
1369 788 1371 791 ’

213 880 319 936 Eadem
331 881 422 950 gratia
434 880 596 934 conceditur
607 881 625 934 J
627 897 650 934 0.
665 879 762 934 Weliis
774 879 809 934 de
821 879 906 934 verbo
918 881 947 934 in
961 880 1076 935 verbum

212 967 382 1024 Conceditur
401 971 433 1022 27
452 968 582 1022 ianuarii
600 966 668 1022 Tho.
690 966 809 1023 Oxsorth
828 972 859 1022 vt
879 973 909 1021 ll
932 968 1044 1022 termini
1066 969 1094 1022 in
1115 968 1219 1039 quibus
1237 967 1369 1024 lectiones

283 1054 439 1110 ordinarias
456 1054 567 1110 audiuit
585 1055 651 1109 iicet
669 1073 725 1109 non
744 1057 859 1110 omnino
876 1055 1030 1110 secundum
1047 1056 1166 1110 sormam
1185 1055 1288 1109 statuti
1304 1073 1368 1110 curn

284 1142 508 1214 oppositionibus
527 1148 556 1197 et
580 1143 809 1216 responsionibus
827 1144 971 1214 requisitis
992 1145 1133 1198 sufficiant
1154 1144 1179 1198 ei
1201 1142 1237 1198 ad
1258 1162 1369 1215 respon·

284 1229 409 1285 dendum
426 1231 567 1301 questioni

214 1320 320 1374 Eadem
332 1320 423 1390 gratia
435 1319 598 1374 conceditur
609 1320 652 1375 W.
666 1319 684 1374 J
686 1338 774 1375 onson
788 1320 856 1375 Tho.
872 1321 962 1376 Lause
974 1321 1093 1391 Georgio
1107 1321 1176 1376 Hull

214 1408 384 1462 Conceditur
410 1412 443 1462 10
464 1407 610 1462 Februarii
633 1407 677 1462 Jo.
703 1407 778 1463 Suet
802 1415 835 1462 vt
860 1413 893 1463 12
918 1408 1032 1462 termini
1056 1409 1085 1462 in
1110 1409 1214 1478 quibus
1238 1409 1371 1463 lectiones

284 1483 439 1548 ordinarias
457 1493 568 1549 audiuit
584 1495 650 1549 iicet
666 1512 722 1550 non
740 1495 854 1560 omnipo
872 1494 1027 1550 secundum
1045 1495 1164 1550 formam
1183 1496 1285 1551 statuti
1306 1513 1371 1550 cum

283 1581 508 1654 oppositionibus
525 1587 556 1637 et
574 1583 803 1654 responsionibus
821 1583 964 1654 requisitis
986 1583 1128 1639 sufficiant
1149 1585 1174 1639 ei
1194 1584 1230 1639 ad
1252 1584 1373 1640 finaliter

283 1671 529 1727 determinandum
548 1689 613 1727 cum
631 1673 732 1727 ceteris
750 1672 835 1727 huius
852 1672 920 1727 anni
939 1671 1147 1728 bacchalaureis
1165 1675 1205 1728 sic
1223 1678 1318 1729 tamen
1340 1677 1372 1728 vt

284 1762 344 1816 eius
356 1761 477 1816 eruditio
489 1762 666 1816 examinetur
677 1765 707 1816 et
718 1760 890 1833 approbetur
906 1778 956 1832 per
971 1760 1145 1832 oppositores
1157 1761 1242 1817 huius
1260 1763 1326 1816 anni
1343 1767 1372 1816 et

284 1850 385 1905 stetin
397 1849 449 1904 hac
461 1849 676 1920 quadragesima
687 1868 752 1904 cum
765 1851 865 1904 ceteris
876 1849 1071 1920 questionistis

214 1937 320 1993 Eadem
332 1938 423 2008 gratia
435 1937 597 1992 conceditur
610 1937 677 1991 Edo.
691 1936 813 1992 Arnesse
826 1942 860 1991 24
873 1936 1018 1992 Februarii
1059 1942 1088 1992 et
1100 1937 1197 1993 eodem
1210 1937 1372 1993 conceditur

286 2026 354 2080 Tho.
381 2025 472 2081 Lockc
492 2025 591 2082 eadem
614 2027 705 2096 gratia
729 2025 765 2081 de
787 2025 872 2081 verbo
897 2026 927 2080 in
952 2025 1068 2080 verbum
1093 2027 1148 2081 nisi
1173 2026 1247 2098 quod
1272 2026 1372 2082 habuit

285 2118 400 2168 tantum
420 2118 454 2168 10
470 2115 607 2169 terminos

213 2202 384 2258 Conceditur
395 2202 493 2258 eodem
504 2202 522 2257 J
523 2220 548 2259 o.
562 2202 673 2274 Drakys
685 2202 840 2274 presbitero
852 2207 884 2257 vt
898 2206 931 2256 12
944 2203 1058 2257 termini
1072 2203 1101 2257 in
1118 2202 1223 2274 quibus
1239 2202 1372 2257 lectiones

285 2291 440 2346 ordinarias
459 2291 570 2348 audiuit
587 2293 654 2347 iicet
672 2311 728 2348 non
747 2292 860 2346 omnino
878 2291 1033 2347 secundum
1053 2292 1172 2348 formam
1193 2293 1296 2348 statuti
1314 2293 1371 2347 suf-

286 2379 382 2435 ficiant
405 2380 431 2434 ei
455 2379 492 2434 ad
516 2379 742 2451 respondendum
766 2379 908 2450 questioni
931 2379 972 2434 sic
996 2383 1092 2434 tamen
1115 2385 1148 2434 vt
1171 2380 1231 2434 eius
1251 2379 1372 2435 eruditio

285 2468 461 2523 examinetur
481 2471 510 2522 et
529 2465 701 2537 approbetur
717 2483 768 2538 per
785 2467 990 2522 examinatores
1010 2467 1096 2522 huius
1117 2468 1184 2522 anni
1207 2471 1237 2522 et
1260 2470 1317 2522 stet
1340 2467 1370 2520 in

286 2555 499 2626 quadragesima
516 2572 581 2609 cum
600 2555 699 2610 ceteris
717 2555 912 2625 questionistis
1131 2621 1135 2628 Ι

216 2642 455 2699 Determinatores
473 2643 579 2714 collegii
597 2643 708 2714 Regalis
724 2644 777 2698 hac
793 2643 1008 2715 quadragesima
1026 2643 1129 2714 quibus
1148 2643 1225 2698 nulia
1242 2661 1372 2699 concessa

285 2747 375 2800 neque
388 2731 478 2801 petita
490 2736 534 2784 est
546 2730 636 2800 gratia
648 2734 717 2784 sunt
730 2728 814 2800 Hugo
832 2728 975 2800 Alyngton
991 2729 1033 2783 Ri.
1053 2729 1206 2784 Haddocke
1222 2729 1265 2784 W.
1281 2729 1373 2785 Lister

286 2817 440 2872 Nicholaus
453 2817 553 2872 Belson
567 2817 680 2872 Bartho.
695 2817 796 2872 Clarko
808 2823 838 2872 et
850 2817 918 2872 Tho.
934 2818 1035 2890 Smyth

370 3198 535 3263 Numerus
556 3197 863 3262 baccbalaureorum
887 3199 982 3263 iuxta
1003 3198 1226 3265 senioritatem

592 3407 699 3460 Greene
717 3411 783 3460 actu
802 3405 1002 3461 bacbalaureus

640 3499 673 3549 13
693 3494 854 3550 Decembris
876 3501 943 3550 1558

391 3619 489 3674 Butler
760 3619 885 3673 Burman

760 3707 907 3778 Chapman

760 3795 850 3850 Iaocke

391 3970 542 4026 Breuem
685 3927 739 3982 ‘¹⁵⁵
760 3882 882 4042 mn

392 4059 552 4114 Tesmound
760 4057 914 4113 Haddocke

391 4146 496 4218 Wellys
759 4147 882 4200 Amesse

391 4233 509 4289 Oxforth
761 4217 924 4305 Parkjnson

391 4322 508 4377 Browne
759 4321 900 4376 Laurence

391 4409 482 4464 Swete
