3386 5114
198 373 362 456 1564-65]
634 391 748 438 onnon
771 391 864 438 aeon
887 391 909 437 Δ
1291 377 1350 436 185

270 542 393 613 Inglishe
406 542 448 597 W.
463 543 568 598 Guleon
582 543 599 597 J
602 562 625 599 o.
641 545 797 599 Knewstub
809 545 852 600 W.
868 546 965 616 Lakyn
980 545 1038 600 Ric.
1055 545 1174 615 Smythe
1187 545 1244 600 Ric.
1262 543 1352 598 Fourd

268 630 408 686 Willelmo
422 632 524 686 Hawee
537 632 615 688 Geor.
631 633 725 688 Slater
735 633 867 688 1111111101.
883 633 1042 704 Heywoode
1056 633 1126 686 Hen.
1141 632 1260 703 Smythe
1272 631 1353 687 Geor.

270 719 403 796 Leethlye
424 719 503 774 Geor.
524 720 630 776 Gulaon
650 721 786 776 Nicholao
809 721 901 776 Lovell
926 721 969 775 W.
992 720 1133 775 Aahebole
1154 721 1197 777 Jo.
1221 720 1353 791 Hycklyn

270 807 337 863 Tho.
360 808 460 864 Croaee
477 809 546 865 Tho.
565 810 669 864 Woode
684 810 728 866 do.
746 811 877 865 Fermero
895 811 953 866 Rie.
975 809 1057 863 Hunt
1076 810 1174 864 Frano.
1192 808 1355 880 Broughton

270 895 317 948 W⁰
329 895 452 950 Tomaon
466 897 579 968 Hugoni
594 895 701 951 Boothe
715 897 783 951 Rob.
799 897 941 952 Ramaden

199 981 305 1036 Fadem
317 983 407 1051 gratia
420 983 583 1037 conceditur
595 981 655 1052 1111110
667 983 812 1037 Februarii
826 984 912 1037 Henr.
924 983 1046 1038 Withers
1058 1001 1123 1038 cum
1138 989 1170 1038 12
1182 984 1312 1039 terminia
1325 985 1354 1038 in

270 1068 373 1139 quibua
392 1070 525 1123 lectiones
543 1068 698 1124 ordinarias
717 1069 827 1125 audivit
848 1075 900 1124 etc.
921 1070 1061 1125 Willelmo
1081 1071 1195 1125 Walton
1215 1072 1355 1126 Willelmo

271 1158 392 1229 Hanbye
405 1158 518 1214 Bartho.
533 1157 617 1212 Owen

200 1245 442 1316 (101111111111111111110
455 1243 598 1299 Februarii
610 1245 653 1298 do.
665 1246 774 1300 Keerne
785 1250 818 1300 vt
832 1249 863 1300 11
878 1245 991 1301 termini
1004 1246 1033 1300 in
1047 1246 1150 1316 quibua
1159 1247 1293 1301 lectiones
1302 1252 1353 1301 etc.

271 1334 411 1388 sufficiant
423 1333 448 1388 ei
461 1333 496 1387 ad
509 1331 734 1403 respondendum
747 1335 887 1404 questioni

203 1421 308 1476 Eadem
333 1421 424 1492 gratia
448 1420 611 1474 conceditur
634 1420 731 1475 eodem
757 1421 871 1491 Hugoni
896 1421 998 1476 Glover
1017 1423 1105 1478 anth.
1127 1422 1199 1492 Cage
1222 1423 1354 1478 Christos.

274 1510 377 1565 Shutte
397 1509 519 1564 Roberto
538 1509 625 1563 Holte
643 1509 712 1564 Tho.
732 1510 861 1565 Cornelio

202 1599 370 1654 Conceditur
388 1598 484 1652 eodem
499 1597 545 1652 die
564 1597 692 1652 Mattheo
711 1598 818 1652 Hulme
835 1603 867 1652 vt
882 1602 916 1653 10
928 1599 1042 1653 termini
1055 1599 1085 1653 iu
1097 1599 1201 1670 quibus
1213 1606 1265 1654 etc.
1279 1599 1355 1654 auffi-

274 1687 351 1740 ciant
361 1685 387 1738 ei
400 1683 436 1739 ad
448 1683 674 1754 respondendum
685 1685 826 1754 questioni

203 1774 309 1828 Eodem
320 1774 416 1828 eedem
429 1773 521 1843 gratia
532 1772 695 1827 conceditur
708 1773 755 1826 W⁰
768 1773 844 1827 Dent
857 1773 991 1828 Gualtero
1004 1774 1110 1829 Barker

202 1861 371 1917 Conceditur
392 1865 409 1915 9
431 1858 575 1914 Februarii
601 1860 669 1914 Tho.
691 1861 867 1932 Sperepoynt
887 1865 918 1915 vt
940 1865 973 1915 12
996 1863 1109 1917 termini
1130 1863 1158 1916 iu
1178 1862 1282 1933 quibus
1302 1869 1354 1919 etc.

272 1949 412 2004 sufficiant
424 1950 449 2002 ei
462 1948 498 2002 ad
511 1948 735 2019 respondendum
748 1950 889 2020 questioni

202 2037 307 2092 Eadem
319 2037 410 2108 gratia
422 2036 585 2091 conceditur
596 2037 694 2092 eodem
707 2039 750 2092 Jo.
765 2039 883 2110 Hardyn

203 2127 308 2181 Eadem
320 2127 412 2196 gratia
424 2144 488 2180 cum
502 2131 533 2180 11
549 2127 677 2181 terminis
689 2127 786 2182 ecdem
801 2128 920 2183 Ricardo
933 2129 1083 2183 Lanoeeter
1094 2134 1124 2183 et
1136 2129 1207 2184 Ellis
1221 2130 1321 2184 Powell

203 2214 373 2270 Conceditur
391 2214 488 2269 ecdem
509 2215 553 2271 Jo.
576 2213 741 2285 Higgyneon
758 2221 789 2270 vt
811 2220 841 2270 11
859 2217 972 2270 termini
990 2234 1054 2270 cum
1072 2218 1194 2271 termino
1208 2219 1238 2272 in
1253 2236 1310 2289 quo
1327 2219 1356 2272 in

274 2301 376 2372 quibua
388 2307 441 2358 etc.
454 2301 596 2356 sufficiant
608 2307 660 2355 etc.

204 2390 384 2460 (Conceditur
405 2391 501 2446 eodem
522 2391 588 2460 Rog.
613 2391 722 2462 Drurye
744 2397 777 2445 ut
799 2397 832 2445 12
854 2393 967 2446 termini
991 2398 1043 2448 etc.
1063 2393 1205 2448 sufficiant
1226 2399 1281 2449 etc.
1318 2394 1359 2448 sic

274 2485 308 2532 ut
328 2478 390 2549 ejus
406 2477 527 2532 eruditio
549 2477 626 2547 prius
646 2479 822 2532 examinetur
840 2485 870 2532 et
891 2479 1062 2550 approbetur
1082 2498 1132 2551 per
1153 2483 1358 2537 examinatores

276 2565 359 2636 hujus
371 2565 438 2619 anni
452 2563 581 2636 [maredD

205 2653 374 2708 Conceditur
385 2657 420 2708 26
432 2652 449 2706 J
452 2652 559 2707 anuarii
573 2652 642 2706 Tho.
657 2650 764 2706 Wilson
778 2657 809 2706 vt
823 2657 853 2706 11
869 2655 983 2709 termini
997 2656 1025 2708 in
1039 2654 1142 2726 quibus
1155 2662 1206 2712 etc.
1217 2658 1359 2713 sufficiant

276 2742 300 2796 ei
314 2741 350 2797 ad
361 2741 586 2812 respondendnm
599 2743 740 2811 questioni

205 2828 311 2884 Eadem
336 2829 426 2899 gratia
449 2829 611 2883 conceditur
633 2828 731 2882 eodem
757 2829 868 2882 Danieli
893 2829 1031 2884 Gardiner
1054 2831 1103 2885 W⁰
1127 2832 1221 2903 Bygge
1246 2834 1360 2889 Maritio

278 2917 424 2971 Faukener

206 3003 376 3059 Conceditur
392 3009 421 3058 2ο
438 3003 533 3058 Martii
551 3004 594 3062 Jo.
613 3004 713 3058 Sterne
732 3008 764 3058 vt
784 3006 817 3056 12
835 3005 949 3059 termini
968 3005 997 3060 in
1015 3006 1119 3076 quibua
1137 3008 1270 3064 lectiones
1288 3011 1360 3065 ordi-
1372 3008 1394 3068 f.
1411 3007 1449 3066 80
1464 3009 1483 3064 b

278 3091 372 3145 neriae
388 3096 441 3146 etc.
466 3091 609 3145 sufficiant
629 3097 682 3144 etc.
702 3091 742 3144 sic
762 3095 794 3144 vt
815 3091 876 3145 eius
895 3092 1017 3146 eruditio
1036 3095 1116 3164 priua
1137 3097 1313 3150 examinetur
1332 3103 1361 3154 et

277 3179 448 3249 approbetur
459 3195 509 3250 per
521 3180 725 3233 examinatores
738 3179 823 3234 huius
835 3180 902 3234 enni

103 3332 108 3342 ‚
207 3267 313 3322 Eadem
326 3267 416 3336 gratia
428 3265 590 3320 conceditur
602 3265 699 3320 eodem
713 3267 780 3322 Tho.
795 3266 890 3338 Olfyld

207 3355 377 3410 Conoeditur
392 3353 489 3406 eodem
506 3353 603 3406 eadem
618 3353 709 3422 gratia
726 3353 823 3409 Ambr.
843 3355 950 3410 Fourth
963 3361 995 3410 vt
1009 3360 1043 3411 13
1054 3357 1169 3412 termini
1181 3376 1246 3413 cum
1259 3360 1314 3415 hiis
1331 3361 1361 3415 in

279 3440 381 3513 quibua
398 3439 490 3496 abfuit
508 3445 623 3512 propter
641 3446 749 3496 metum
767 3443 857 3514 pectis
875 3449 927 3498 etc.
949 3445 1090 3499 sufficiant
1106 3451 1158 3501 etc.
1195 3446 1236 3501 eie
1253 3452 1285 3502 vt
1300 3449 1361 3504 eiua

279 3528 398 3583 eruditio
416 3531 468 3582 etc.

208 3615 378 3672 Conceditur
399 3616 495 3671 eodem
517 3616 640 3671 Roberto
658 3617 748 3672 Grene
765 3623 797 3672 vt
815 3623 849 3673 13
863 3619 977 3672 termini
993 3624 1044 3673 etc.
1062 3620 1204 3675 sufficiant
1221 3621 1248 3677 ei
1265 3622 1302 3677 ad
1320 3641 1361 3679 re·

278 3703 471 3775 spondendum
484 3705 626 3775 questioni

208 3791 378 3847 Conceditur
389 3793 429 3845 ix⁰
442 3789 585 3845 Februarii
603 3792 682 3845 Geor.
700 3790 803 3846 Webbe
820 3793 883 3862 xxvj
901 3810 991 3847 annos
1005 3798 1073 3847 nato
1087 3799 1119 3847 vt
1135 3796 1182 3865 viij
1201 3797 1315 3851 termini
1331 3799 1362 3852 in

279 3877 383 3950 quibua
394 3883 446 3934 etc.
460 3880 601 3935 sufficiant
611 3881 636 3935 ei
649 3879 685 3934 ad
695 3880 919 3950 respondendum
930 3883 1070 3952 questioni
1081 3883 1121 3936 aio
1131 3895 1162 3936 vt
1171 3885 1231 3938 eiua
1241 3884 1362 3941 eruditio

279 3967 358 4038 prius
370 3969 546 4023 examinetur
558 3971 586 4022 et
598 3968 770 4039 approbetur
782 3987 832 4039 per
844 3970 1049 4025 examinatores
1062 3972 1146 4026 huius
1158 3973 1226 4027 anni

209 4057 380 4112 Conceditur
400 4056 446 4126 ij‘10
467 4057 564 4111 Martii
587 4056 705 4111 Ricardo
727 4057 855 4112 Gerdner
872 4059 935 4129 xxvj
956 4076 1044 4114 annoe
1063 4069 1130 4114 nato
1150 4069 1181 4114 vt
1199 4039 1326 4117 studium
1346 4067 1361 4120 7

280 4160 417 4197 annorum
430 4145 460 4198 in
472 4143 685 4198 humanioribus
697 4144 788 4198 literis
800 4145 904 4215 partim
917 4146 946 4199 in
959 4146 1011 4200 hac
1023 4146 1166 4202 academia
1178 4149 1282 4219 partim
1295 4149 1363 4207 alibi

280 4247 344 4284 cum
363 4229 586 4301 oppositionibus
604 4235 655 4288 etc.
675 4231 797 4286 sufficiet
813 4233 839 4286 ei
856 4239 907 4288 etc.
926 4233 962 4288 ed
979 4234 1204 4304 respondendum
1220 4239 1362 4307 questioni

281 4318 321 4372 nic
333 4321 365 4372 vt
377 4318 437 4372 eiua
449 4318 570 4373 eruditio
582 4324 633 4373 etc.

209 4405 381 4462 Conceditur
392 4409 428 4460 30
441 4405 536 4460 Martii
550 4407 626 4476 Step.
641 4405 829 4476 Luddyngton
842 4413 874 4461 vt
888 4411 920 4460 12
934 4409 1047 4464 termini
1063 4411 1093 4464 in
1110 4412 1214 4481 quibua
1230 4413 1363 4470 lectiones

281 4493 435 4548 ordinariae
456 4499 508 4548 etc.
531 4495 672 4549 sufficiant
690 4495 716 4548 ei
735 4495 771 4550 ad
790 4494 1014 4566 respondendum
1035 4501 1176 4568 questioni
1195 4507 1225 4555 et
1242 4502 1364 4559 finaliter
