3344 5110
802 249 916 298 asson
938 249 1031 297 soon
1055 247 1077 296 Δ
1358 229 1532 314 [154344

870 671 1028 737 Doctores

369 866 515 938 Inprimis
522 867 685 923 conceditur
693 867 828 938 magistro
835 865 921 923 Skete
928 872 960 923 vt
969 867 1096 924 studium
1107 869 1193 924 trium
1203 886 1341 924 annorum
1350 870 1379 924 in
1389 869 1533 940 theologia

439 959 504 1027 post
516 957 577 1011 eius
590 956 739 1011 introitum
756 957 785 1011 in
802 956 889 1012 libros
905 957 1108 1013 sententiarum
1120 975 1177 1012 vna
1190 975 1255 1013 oum
1269 956 1379 1013 duobus
1393 957 1530 1014 sermoni-

440 1044 494 1099 bus
503 1061 558 1099 vno
570 1044 607 1101 ad
619 1045 724 1100 olerum
736 1045 938 1101 examinatorio
950 1051 1017 1102 ante
1029 1047 1089 1102 eius
1101 1045 1298 1102 admissionem
1310 1045 1428 1102 dioendo
1439 1047 1531 1102 altero

440 1131 477 1189 ed
488 1151 599 1190 oruoem
612 1133 692 1188 Pauli
704 1133 827 1189 sufficiet
838 1134 864 1188 ei
876 1133 912 1190 ad
925 1134 1115 1207 incipiendum
1127 1135 1156 1189 in
1169 1153 1248 1190 saera
1259 1134 1399 1206 theologia

371 1219 446 1276 Item
462 1219 626 1276 eonoeditur
641 1219 776 1290 magistro
793 1219 880 1276 Seton
894 1225 927 1275 vt
940 1221 1069 1276 studium
1086 1221 1174 1276 trium
1188 1239 1326 1277 annorum
1343 1222 1373 1276 in
1389 1221 1531 1291 theologia

440 1315 506 1379 post
521 1309 581 1364 eius
598 1309 749 1364 introitum
766 1309 795 1364 in
813 1309 900 1364 libros
921 1311 1127 1368 sententiarum
1143 1327 1208 1365 cum
1225 1309 1335 1365 duobus
1352 1309 1530 1365 sermonibus

442 1414 498 1452 vno
509 1397 545 1452 ad
562 1397 667 1452 elerum
683 1397 885 1452 examinatoris
897 1403 963 1452 ante
975 1399 1036 1453 eius
1051 1398 1249 1469 admissionem
1263 1398 1352 1453 altero
1367 1397 1403 1452 ad
1418 1415 1530 1452 cruoem

443 1485 523 1541 Pauli
535 1485 656 1542 sufficiat
667 1487 693 1542 ei
705 1486 742 1543 ad
754 1486 945 1558 incipiendum
958 1488 987 1542 in
999 1505 1079 1543 secra
1090 1487 1229 1558 theologia
1477 1540 1483 1550 ,

371 1573 447 1629 Item
459 1573 621 1629 coneeditur
632 1573 723 1629 eidem
735 1579 767 1629 vt
784 1592 876 1630 sermo
888 1593 974 1646 quem
986 1575 1087 1631 habuit
1098 1593 1191 1631 eoram
1205 1575 1285 1631 vobis
1297 1575 1430 1646 magister
1442 1574 1529 1629 Setun

441 1661 550 1716 ratione
568 1660 672 1731 gradus
692 1661 942 1717 baoehalanreatus
962 1663 993 1717 in
1013 1662 1153 1733 theologie
1177 1667 1234 1717 stet
1254 1680 1306 1733 pro
1326 1677 1454 1717 sermone
1477 1678 1530 1716 suo

441 1745 643 1801 examinatorio
666 1746 707 1801 sio
731 1746 806 1816 quod
830 1747 916 1802 faomt
939 1747 1060 1802 alterum
1085 1764 1241 1802 sermonem
1270 1764 1364 1801 eoram
1384 1743 1464 1801 vohis
1487 1746 1529 1802 di·

442 1831 562 1889 oendum
577 1832 614 1888 nd
629 1833 735 1888 olerum
752 1833 825 1888 citra
840 1834 944 1889 festum
963 1833 1068 1888 Pasohe
1084 1834 1243 1904 proximum
1263 1833 1396 1904 quoniam
1415 1836 1530 1904 propter

442 1937 558 1992 grauem
575 1921 771 1976 infirmitatem
789 1920 909 1976 eundern
927 1926 994 1977 ante
1012 1921 1157 1976 oommitie
1177 1921 1304 1992 proxima
1324 1921 1454 1993 perfloere
1472 1938 1529 1976 non

442 2012 537 2081 potest
572 2026 606 2064 ao
624 2009 711 2065 etiam
734 2009 865 2065 oonviuet
884 2027 949 2064 cum
967 2009 1012 2065 his
1030 2009 1165 2080 quisunt
1182 2009 1267 2065 huius
1288 2011 1356 2066 anni
1378 2010 1529 2082 omniaque

442 2101 558 2170 peragat
575 2116 631 2170 que
653 2097 690 2154 ad
710 2097 829 2170 gradum
846 2097 1010 2155 doctoratus
1027 2103 1159 2172 spectant
1175 2103 1206 2154 et
1217 2103 1256 2157 ,vt
1272 2116 1338 2154 oum
1356 2099 1464 2156 venerit
1481 2098 1529 2155 ad-

442 2185 575 2241 mittatis·
591 2205 643 2258 pro
661 2187 800 2259 completo
816 2187 905 2258 gradu
923 2189 947 2242 si
965 2191 1033 2243 ante
1050 2187 1196 2243 commitit
1214 2205 1270 2242 non
1288 2187 1461 2243 convaluerit

277 2359 298 2418 f.
315 2356 447 2418 Saltem
464 2358 626 2415 wnoeditur
644 2361 778 2431 magistro
795 2361 870 2432 Glyn
887 2368 920 2416 vt
937 2361 1064 2417 studium
1081 2362 1168 2417 trium
1185 2379 1324 2417 annorum
1343 2361 1373 2417 in
1392 2361 1531 2432 theologia

444 2450 508 2518 post
524 2446 585 2502 eius
601 2448 750 2503 introitum
765 2448 795 2503 in
809 2448 896 2503 libros
912 2449 1117 2504 sententiarum
1133 2467 1189 2504 vna
1205 2467 1270 2504 oum
1282 2447 1393 2503 duabus
1404 2447 1530 2518 disputa-

443 2534 569 2590 tionibus
593 2535 731 2592 habendis
754 2537 881 2608 proximo
904 2555 980 2592 anno
1002 2540 1097 2608 preter
1120 2537 1198 2592 illam
1221 2537 1365 2607 adquam
1389 2535 1531 2591 tenebitur

443 2623 551 2680 ratione
566 2623 670 2696 gradus
686 2625 843 2696 sucipiendi
860 2625 982 2681 sufficiat
992 2626 1029 2680 'ei
1046 2623 1082 2680 ad
1099 2624 1291 2696 incipiendum
1310 2624 1339 2678 in
1357 2641 1436 2678 saera
1453 2624 1530 2678 theo

444 2711 517 2782 logia

374 2799 449 2855 ltem
461 2799 623 2856 conceditur
634 2801 775 2856 Gulielmo
787 2801 904 2856 Cartero
915 2805 947 2855 vt
959 2801 1086 2856 studium
1099 2801 1186 2855 trium
1199 2817 1337 2855 annorum
1350 2799 1379 2854 in
1394 2798 1532 2870 theologia

444 2892 508 2959 post
524 2887 585 2943 eius
601 2887 749 2943 introitum
766 2889 796 2942 in
814 2887 901 2942 libros
915 2887 1120 2942 sententiarum
1143 2903 1208 2942 oum
1226 2885 1338 2941 duobus
1355 2885 1531 2940 sermonibus

444 2992 501 3030 vno
511 2975 548 3030 ad
564 2976 670 3031 olerum
682 2977 885 3031 examinatorio
896 2979 963 3030 ante
975 2977 1036 3030 eius
1051 2975 1250 3030 admissionem
1266 2976 1355 3030 altero
1370 2974 1406 3028 ad
1422 2991 1530 3029 eruoem

447 3063 526 3118 Pauli
538 3063 659 3118 sufficiat
670 3064 697 3118 ei
709 3063 745 3118 ad
757 3064 950 3134 incipiendum
962 3063 992 3118 in
1005 3081 1085 3118 saera
1096 3063 1236 3133 theologia

376 3151 450 3206 item
468 3149 630 3206 oonoeditur
648 3155 679 3205 vt
697 3149 792 3204 contio
810 3149 958 3221 perillum
977 3152 1032 3205 iam
1054 3150 1152 3206 habita
1170 3151 1261 3222 possit
1281 3149 1368 3204 etiam
1387 3155 1463 3204 stare
1481 3167 1531 3220 pro

445 3237 575 3291 contione
587 3237 637 3292 illa
648 3235 684 3292 ad
695 3253 782 3308 quam
794 3240 908 3292 tenetur
919 3237 1028 3292 ratione
1039 3237 1143 3307 gradm
1154 3235 1402 3292 baoohalameatus
1413 3236 1442 3290 in
1455 3237 1530 3292 thoo-

446 3323 519 3394 logie
531 3324 609 3395 prius
620 3323 745 3395 suseepti
757 3327 787 3379 et
799 3341 856 3378 non
868 3325 907 3378 sit
918 3323 1105 3396 preludioium
1119 3323 1234 3379 bedellis

831 3795 872 3862 ln
895 3796 965 3861 iure
987 3794 1079 3861 ciuili

376 3987 411 4042 In
429 3988 529 4060 primis
545 3987 707 4044 coneeditur
720 3989 825 4046 ioanni
840 3989 942 4046 Clarke
958 3993 990 4044 vt
1007 3989 1133 4045 studium
1150 3993 1259 4062 septem
1273 4006 1411 4046 annorum
1427 3989 1457 4043 in
1473 3988 1531 4042 iure

446 4075 521 4130 ninssi
536 4082 601 4147 post
609 4075 728 4147 gradum
740 4077 988 4133 baechalameatus
1000 4085 1164 4150 suseeptum
1177 4078 1206 4136 in
1219 4076 1317 4137 eadem
1329 4077 1464 4136 facultate
1475 4076 1529 4130 sui·

446 4164 522 4218 ficiat
533 4163 587 4218 sibi
599 4163 636 4218 ad
647 4163 838 4235 incipiendum
851 4166 882 4221 in
893 4163 992 4220 eodem
1004 4166 1066 4221 iure
