3394 5114
224 359 388 446 1566-67]
662 378 777 430 cnscu
798 379 891 428 cocu
913 380 937 428 s
1315 362 1378 426 203

222 529 328 585 Eodem
349 531 441 601 mdo
452 531 615 588 conceditur
627 536 659 588 21
675 531 773 588 Msrtii
784 531 875 587 Abelo
887 531 990 602 Smyth
1002 529 1046 586 Jo.
1060 530 1202 586 Laurencc
1213 527 1265 584 Ed.
1279 527 1380 598 Nyngc

223 615 329 674 Eodem
341 619 432 689 gretie
440 619 603 676 conceditur
609 621 680 693 xvij⁰
688 620 796 693 Aprilis
804 620 923 676 Riourdo
933 618 1091 690 Reynoldcs
1101 617 1169 673 Rob.
1180 616 1197 671 J
1199 634 1252 688 aye
1260 615 1381 686 Degorio

292 705 391 761 Nioois
415 706 488 762 Heu
511 707 621 781 Druryc
645 708 713 764 Tho.
740 708 835 763 Moorc
860 705 929 762 non
954 705 1083 762 Thsckor
1106 705 1149 760 Jc
1175 704 1293 776 Depupc
1340 702 1380 756 Et

294 791 341 863 ijo
359 793 428 850 Msii
448 793 475 850 d.
498 795 541 852 W.
561 794 676 852 Morcho
694 795 752 850 Ric.
772 793 916 850 Grenhem
938 793 1020 848 Nich.
1039 791 1172 848 Thornsll
1220 791 1259 846 Et
1279 790 1379 846 vltimc

295 881 363 936 Meii
375 880 403 938 d
416 881 498 940 num.
514 883 637 939 Hounds
650 885 694 940 Jc.
711 885 816 954 chcrs
834 882 902 938 Rob.
921 882 1033 954 Wyllcn
1052 881 1171 938 Ricardo
1187 880 1290 952 Smyth
1307 878 1376 934 Rob.

295 967 394 1024 [essse
407 969 465 1026 Pet
479 971 578 1027 Sheva
590 972 659 1029 Tho.
674 973 789 1028 Procter

224 1054 330 1112 Eadem
341 1059 433 1128 grstia
444 1059 608 1116 conceditur
620 1064 654 1116 16
665 1060 683 1116 J
685 1060 746 1116 unii
760 1057 787 1118 d.
803 1059 871 1114 Tho.
886 1058 1052 1130 Leughorns
1070 1057 1166 1112 urano.
1179 1057 1332 1129 Wyscmon
1348 1059 1378 1110 ct

295 1146 360 1218 xxiij
373 1147 391 1201 J
393 1148 452 1204 unii
465 1148 490 1205 d.
505 1148 642 1206 Nicholso
653 1148 767 1205 Welche

224 1232 394 1290 Conceditur
405 1235 796 1307 xvij⁰Jnnue1iidominoJo
810 1237 912 1292 Wellcs
926 1235 1069 1309 quondum
1083 1235 1158 1290 socio
1174 1234 1281 1305 collegii
1299 1233 1377 1306 Regii
1390 1231 1412 1292 f.
1428 1231 1467 1290 89
1481 1251 1500 1290 s

294 1329 327 1378 vt
342 1329 360 1379 9
375 1325 490 1380 termini
506 1331 572 1398 post
585 1327 697 1382 finalem
714 1327 775 1382 sius
791 1325 1055 1382 determinationem
1074 1324 1103 1378 in
1122 1323 1227 1394 quibus
1244 1322 1379 1378 lectiones

295 1411 449 1468 ordinarios
465 1413 577 1470 audiuit
596 1414 663 1469 licet
679 1431 736 1469 non
753 1414 868 1469 omnino
884 1413 1039 1468 secundum
1055 1411 1177 1466 formem
1193 1411 1296 1466 statuti
1312 1427 1377 1465 curn

294 1502 518 1572 oppositionibus
533 1500 762 1575 responsionibus
773 1506 804 1557 et
815 1501 879 1557 aliis
890 1501 1031 1557 exercitiis
1043 1517 1093 1572 per
1103 1503 1215 1555 statute
1230 1499 1375 1570 inquisitis

294 1587 436 1642 sufficient
449 1589 476 1644 si
490 1588 526 1643 sd
541 1588 733 1661 incipiendum
750 1589 779 1644 in
796 1588 907 1644 artibus
922 1589 963 1644 sic
979 1593 1011 1644 vt
1027 1589 1088 1644 cius
1104 1587 1238 1643 admissio
1253 1592 1312 1642 stct
1327 1605 1379 1659 pro

292 1675 438 1747 completis
450 1677 538 1748 gradu
550 1683 580 1733 st
591 1678 682 1733 forms
693 1679 828 1750 quonism
840 1679 901 1733 sinc
913 1695 1015 1748 megno
1030 1695 1082 1732 suc
1097 1676 1246 1748 dispendio
1263 1682 1378 1748 tompus

295 1765 472 1822 comitiorum
485 1773 631 1839 expectare
643 1784 699 1823 uon
711 1773 807 1838 potest
818 1768 861 1822 itu
872 1773 968 1822 tumen
981 1771 1013 1821 vt
1024 1767 1188 1821 convivetur

224 1850 330 1907 Esdem
342 1853 433 1924 gratie
444 1854 606 1910 conceditur
618 1855 688 1926 xvij⁰
701 1855 807 1927 Aprilis
818 1855 844 1910 d.
860 1855 928 1910 Tho.
943 1854 1057 1926 Pyndnr

224 1937 395 1996 Conceditur
405 1941 475 2012 xvjv
485 1942 503 1997 J
507 1943 566 1998 unii
578 1942 693 1998 domino
705 1941 757 1996 Ed.
771 1941 910 2013 Scymour
921 1946 952 1996 vt
964 1940 1093 1996 studium
1105 1944 1228 2012 quatuor
1239 1957 1379 1996 annorum

295 2029 325 2084 in
342 2029 396 2085 heo
413 2030 556 2087 eoodernie
574 2032 604 2086 in
622 2031 776 2087 dialecticis
793 2030 994 2102 philosophicis
1010 2030 1099 2100 grecis
1118 2029 1270 2101 htinisquo
1289 2029 1380 2084 literis

294 2118 415 2174 sufficiet
426 2119 453 2174 ei
465 2119 501 2174 sd
511 2118 703 2192 incipiendum
712 2120 741 2175 in
751 2119 862 2175 artibus
871 2119 912 2174 ite
921 2127 1017 2174 tomen
1028 2124 1060 2173 vt
1068 2117 1197 2190 disputat
1206 2119 1235 2173 in
1244 2119 1379 2189 proximis

294 2205 416 2261 comitiis
439 2207 605 2264 convivetur
625 2214 655 2263 et
676 2207 848 2264 admittatur
865 2207 901 2263 cd
919 2208 1056 2279 placitum
1074 2211 1104 2263 ct
1122 2225 1178 2261 non
1197 2212 1323 2262 arctetur
1341 2206 1378 2262 ed

295 2293 468 2350 visitandum

224 2381 289 2436 Vns
300 2399 365 2438 oum
377 2383 433 2438 hiis
445 2384 611 2456 inceperunt
619 2384 655 2440 de
663 2385 779 2456 collegio
790 2386 876 2457 Regio
884 2384 989 2456 quibus
998 2383 1076 2438 nulls
1084 2385 1176 2454 gratie
1185 2385 1276 2455 petits
1288 2399 1379 2454 nequo

295 2469 468 2541 dispensatio
488 2487 620 2527 concesse
640 2472 667 2529 d.
690 2472 733 2529 W.
757 2472 892 2528 Hannsm
914 2473 990 2543 Hug.
1013 2471 1118 2543 Blythe
1139 2471 1237 2526 Frsnc.
1259 2470 1379 2542 Hovvlyu

295 2557 364 2614 Tho.
378 2558 491 2615 Wclohs
503 2563 533 2613 et
546 2558 700 2615 Nichoisus
712 2559 858 2632 Golpottes

224 2645 340 2716 <welles
353 2645 465 2717 Pynder
476 2647 625 2702 eotucliter
637 2648 733 2718 magri.
744 2650 844 2720 morq.)

642 2940 731 3005 Ordo
754 2940 965 3008 Senioritstis

248 3158 387 3215 Dominus
399 3159 450 3216 Ed
464 3159 602 3232 Seymour
680 3160 784 3233 Blyths
998 3163 1104 3219 Hound

400 3247 551 3320 Wysemsn
1000 3251 1121 3324 Hovlyn

400 3337 528 3394 Thscksr
996 3341 1065 3398 Tho.
1079 3340 1192 3396 Welchs
1204 3339 1296 3412 (ng.)

400 3421 504 3479 Werde
999 3427 1073 3482 Sone

400 3511 559 3584 Syclemors
681 3513 835 3570 sthorno
997 3513 1105 3570 Borbor

402 3597 511 3654 Fentcn
680 3601 832 3658 Hortevvoll
998 3602 1079 3674 Kcyc

399 3687 498 3743 Shsvs
681 3689 798 3760 Depups
998 3689 1104 3744 laccho

401 3774 511 3846 Kemps
680 3777 819 3833 Ohslsnor
997 3776 1143 3848 Golpottcs

401 3861 486 3918 Lscsc
681 3865 813 3921 Thornoil
997 3865 1109 3937 Wyllcn

402 3950 546 4006 Grenhsm
681 3951 787 4008 Faucet
999 3953 1108 4026 Meplet

400 4041 558 4113 Reynoldss
682 4041 787 4114 Nyools
997 4042 1050 4098 Ab.
1065 4043 1168 4116 Smyth
1180 4043 1210 4114 (J
1211 4043 1248 4112 c.)

401 4128 494 4200 Byllct
683 4128 726 4184 Ri.
740 4128 842 4200 Smyth
855 4129 935 4200 (Tri.)
998 4129 1069 4202 chs

402 4215 502 4287 Nyngs
679 4214 734 4286 Joy
791 4235 795 4246 ¹
998 4216 1140 4272 Inureuce

400 4301 496 4358 Mcore
682 4303 797 4357 Proctcr
999 4303 1080 4360 Nioh.
1095 4303 1208 4360 Welchc
1220 4304 1318 4376 (Meg.)

399 4391 532 4446 Hsnhsm
681 4391 792 4462 Drurys
999 4391 1104 4463 Rogers
