3394 5114
219 339 383 424 1570-71]
654 357 767 406 aaron
790 359 882 405 soon
906 359 928 405 a
1310 339 1371 404 247

219 509 306 565 Dabit
327 511 482 566 dominatio
503 519 554 567 tua
575 512 659 568 fidem
679 513 709 567 in
730 512 815 568 verbo
836 512 951 568 honoris
972 512 1007 568 de
1027 511 1208 567 observandis
1228 515 1258 566 et
1278 509 1371 566 delen-

287 600 387 655 dendia
406 601 559 672 privilegiis
579 600 759 656 libertatibus
779 607 809 656 et
830 601 1082 657 consuetudinibus
1103 599 1267 672 approbatis
1287 599 1372 654 huius

288 689 429 745 academie
451 689 689 761 Caetobrigiensis
711 697 796 761 teque
820 691 910 745 eidem
936 691 1064 745 futurum
1088 688 1254 744 benevolum
1278 687 1371 758 quoad

287 776 390 832 vixeris
425 777 540 847 (Forma
551 778 617 834 date
629 778 693 834 fidei
708 779 807 852 scarp.)

219 864 244 916 N
246 882 278 918 os
287 864 305 919 J
307 865 431 920 ohannes
440 866 597 938 Whitgylte
609 884 687 921 sacre
699 865 838 936 theologie
849 866 987 937 professor
999 866 1072 921 alme
1083 865 1169 921 helius
1177 865 1370 920 uniuersitatis

288 953 525 1025 Cantabrigiensie
537 956 781 1010 vicecancellarius
793 957 963 1011 auctoritate
973 973 1029 1026 qua
1038 955 1182 1026 fungimur
1190 953 1371 1009 admittimus

287 1041 508 1098 dominationem
521 1049 602 1100 tuam
615 1045 644 1099 in
662 1045 788 1100 ordinem
803 1050 832 1098 et
847 1061 1028 1099 numerorum
1044 1043 1109 1116 [sic]
1126 1043 1323 1114 magistrorum
1340 1041 1369 1096 in

287 1130 397 1186 artibus
409 1132 437 1186 in
451 1133 564 1188 nomine
578 1134 669 1189 Patris
680 1139 726 1190 etc
768 1134 883 1204 (Forma
894 1134 1073 1189 admissionis
1085 1133 1184 1204 marp.)

218 1219 301 1274 Mem.
323 1219 398 1289 quod
417 1220 511 1276 dictus
529 1220 660 1276 dominus
678 1221 802 1277 marchio
820 1220 921 1276 sedens
939 1221 968 1276 in
987 1220 1121 1276 cathedra
1139 1219 1175 1275 ad
1193 1237 1321 1276 mensam
1340 1219 1369 1276 in

287 1308 474 1379 novacapella
487 1309 664 1379 presentibus
676 1309 799 1365 dominis
808 1307 950 1380 juditibus
962 1309 1050 1363 assisa
1061 1313 1090 1364 et
1102 1307 1180 1379 gaole
1191 1307 1370 1364 deliberande

286 1401 316 1451 et
324 1413 424 1466 magna
431 1413 627 1467 generosorum
635 1397 867 1469 coronaponebat
876 1415 1052 1452 maarassuas
1064 1396 1138 1452 inter
1147 1414 1248 1452 manus
1262 1396 1369 1452 domini

286 1482 503 1538 vicecancellarii
516 1484 547 1539 in
558 1483 728 1539 admissione
737 1501 788 1538 sua
800 1487 830 1538 et
842 1490 907 1555 post
915 1484 1115 1540 admissionem
1124 1488 1219 1540 orator
1227 1484 1369 1540 academie

287 1569 389 1627 habuit
403 1573 557 1628 orationem
572 1573 786 1643 gratulatoriam
801 1577 830 1628 et
844 1573 938 1629 dictus
954 1572 1086 1629 dominus
1102 1573 1196 1645 palam
1212 1576 1243 1628 et
1258 1572 1370 1644 publice

287 1661 418 1732 promisit
434 1679 464 1717 se
480 1680 633 1717 memorem
649 1661 790 1718 academie
807 1662 831 1716 si
848 1661 962 1734 quando
978 1661 1110 1734 prodesse
1126 1661 1216 1734 possit
1252 1661 1327 1733 (vide
1339 1662 1369 1718 in

287 1750 413 1822 proximo
425 1751 491 1807 lolio
502 1751 538 1807 ad
550 1752 623 1807 hanc
635 1755 731 1807 notam
745 1751 799 1840 ⁰3⁰)

583 2161 765 2227 Praeticans
788 2163 834 2236 in,
847 2161 1008 2228 medicina
1383 2161 1403 2222 t.
1424 2161 1480 2224 105
1494 2184 1514 2222 a

217 2352 387 2408 Conceditur
407 2354 435 2408 ir
457 2351 602 2408 Februarii
625 2354 760 2424 magistro
786 2355 869 2408 Petro
891 2352 1042 2408 Stoclrdale
1063 2357 1096 2408 vt
1115 2353 1242 2408 studium
1263 2357 1371 2425 septam

287 2458 426 2497 annorum
439 2443 468 2496 in
482 2441 620 2498 medicina
633 2443 755 2498 sufficiat
767 2443 792 2497 ei
805 2443 840 2497 ad
853 2441 1067 2514 practicandum
1079 2442 1110 2496 iu
1121 2441 1219 2498 eadem
1235 2441 1370 2498 sacrdtatc

286 2531 327 2586 sic
341 2535 374 2586 vt
388 2531 449 2586 eius
465 2530 586 2586 eruditio
602 2530 774 2603 approbetur
788 2548 837 2602 per
851 2530 994 2586 doctorem
1013 2529 1116 2586 Warde
1133 2533 1163 2586 et
1181 2547 1231 2601 per
1248 2529 1369 2586 eundem

286 2627 462 2692 presentetur
479 2626 509 2676 et
526 2639 611 2692 super
626 2621 679 2675 bac
695 2625 789 2676 restra
805 2619 982 2675 concessione
1001 2619 1097 2674 literas
1113 2619 1217 2674 habeat
1232 2619 1369 2689 sigillatas

286 2708 376 2778 sigillo
393 2713 485 2763 vestre
502 2707 644 2762 communi
660 2707 702 2761 sic
718 2711 749 2761 vt
765 2706 817 2762 hec
835 2706 975 2760 concessio
995 2723 1049 2760 non
1070 2704 1206 2776 impediat
1221 2705 1278 2759 alia
1292 2723 1368 2759 exer·

286 2797 354 2850 citia
370 2795 399 2850 in
415 2796 554 2866 theologia
571 2795 606 2850 ad
621 2813 676 2866 que
696 2799 809 2849 tenetur
820 2792 947 2849 nonduin
960 2811 1009 2865 per
1020 2793 1167 2864 collegium
1180 2793 1321 2848 admissus
1332 2792 1368 2847 ad

286 2885 413 2940 studium
426 2885 563 2940 medicine

609 3297 730 3363 Doctor
755 3299 785 3360 in
810 3297 970 3361 medicina

215 3488 385 3544 &inceditur
400 3491 431 3543 19
443 3489 461 3542 J
463 3489 571 3542 anuarii
586 3489 720 3559 magistro
733 3490 840 3544 Thonis
854 3489 946 3560 Lakys
964 3495 995 3544 vt
1008 3489 1135 3544 studium
1152 3491 1167 3545 7
1185 3507 1323 3544 annorum
1339 3491 1368 3546 in

284 3576 422 3631 medicina
434 3581 584 3647 postquam
602 3577 705 3630 rexerit
717 3579 745 3632 in
758 3576 869 3632 artibus
878 3595 942 3632 cum
952 3576 1176 3649 oppositionibus
1185 3578 1368 3649 responsioni·

286 3664 339 3719 bus
351 3669 380 3719 et
392 3664 455 3719 aliis
467 3665 607 3719 exercitiis
619 3683 670 3736 per
682 3669 792 3720 statuta
801 3665 946 3736 requisitis
957 3666 1079 3721 sufficiat
1091 3666 1115 3720 ei
1129 3665 1165 3721 ad
1178 3666 1369 3738 incipiendum

286 3755 315 3808 in
329 3754 467 3809 medicina
