3386 5114
335 333 398 400 106
776 350 889 398 esaon
911 351 1005 399 soor
1027 352 1050 399 Δ
1233 341 1235 344 ’
1327 335 1490 422 [lece-6⁷

405 507 515 559 statuta
526 503 671 574 requisitis
681 503 858 575 perficiendis
875 504 949 560 inira
964 522 1071 561 annum
1086 523 1137 562 sue
1152 507 1334 564 admissionis
1348 507 1403 564 sub
1415 527 1489 581 pena

406 593 451 648 xli
468 591 586 664 ponend.
600 597 652 648 etc.
665 593 787 647 sufficiat
803 593 828 648 ai
845 593 881 648 ad
901 593 1092 664 incipiendum
1109 595 1139 650 in
1155 613 1235 652 sacra
1247 595 1387 668 theologia
1423 597 1487 651 Pre-

405 685 535 736 sentatus
547 685 579 735 31
595 680 664 736 Maii
676 699 727 752 per
737 680 881 737 doctorem
894 681 1029 737 Hawiord

335 767 505 823 Conceditur
516 773 548 822 31
568 769 636 824 Maii
652 773 685 823 vt
701 769 835 824 admissio
852 770 980 840 magistri
996 771 1085 827 Richi.
1104 773 1287 844 Longoworth
1303 774 1340 829 ad
1357 773 1491 846 incipien-

404 855 472 910 dum
491 855 520 910 in
539 855 680 926 theologia
695 873 781 926 quam
800 857 826 911 ei
845 875 935 929 nuper
953 859 1130 914 concessistis
1151 865 1209 915 atet
1226 860 1252 916 ei
1271 878 1323 932 pro
1343 859 1492 930 completis

403 945 492 1015 gradu
504 949 533 1001 et
545 946 635 1001 forma
646 945 809 1001 doctoratus
821 946 851 1002 in
860 947 958 1003 mdem
967 949 1100 1018 quoniam
1110 949 1311 1019 graussimaei
1321 949 1491 1004 incumbunt

404 1032 517 1102 negocia
529 1033 570 1087 ita
579 1037 612 1087 vt
623 1033 684 1088 sine
697 1050 798 1105 magno
810 1035 871 1089 eius
883 1034 1060 1091 incommodo
1072 1036 1208 1106 proximis
1219 1035 1343 1091 comitiis
1355 1036 1490 1091 interesse

403 1135 459 1173 non
472 1119 563 1190 possit

333 1205 502 1262 Conceditur
524 1209 557 1262 17
578 1206 708 1261 ianuarii
733 1208 868 1278 magistro
889 1208 932 1264 Jo.
954 1208 1134 1280 Whightgyit
1158 1213 1191 1264 vt
1214 1210 1343 1266 studium
1366 1217 1489 1283 quatuor

402 1311 540 1348 annorum
556 1295 586 1348 in
601 1295 742 1366 theologia
757 1299 822 1366 post
837 1296 955 1366 gradum
972 1296 1149 1353 bachalaurei
1164 1298 1194 1352 in
1212 1297 1308 1354 eadem
1326 1306 1489 1372 susceptum

402 1400 466 1437 cum
488 1382 712 1454 oppositionibus
733 1388 763 1437 et
783 1384 963 1454 responsione
981 1383 1079 1440 habite
1097 1386 1126 1440 in
1145 1387 1268 1441 comitiis
1286 1404 1361 1442 anno
1378 1387 1488 1444 domini

404 1473 473 1525 1564
485 1487 548 1524 cum
562 1469 740 1525 sermonibus
751 1474 782 1525 01
793 1470 857 1524 aliis
868 1471 1008 1526 exercitiis
1021 1489 1071 1543 per
1082 1476 1193 1527 statuta
1205 1473 1349 1543 requisitis
1367 1476 1489 1531 sufficiat

402 1559 426 1613 ei
439 1559 475 1613 ad
488 1557 679 1629 incipiendum
692 1559 721 1612 in
733 1575 813 1613 sacra
825 1559 965 1630 theologia
976 1561 1017 1614 sic
1029 1569 1061 1615 vt
1073 1561 1241 1632 respondeat
1253 1562 1283 1617 in
1295 1563 1487 1634 proximorum

401 1647 579 1702 comitiorum
592 1648 727 1718 vesperiie
738 1647 762 1702 si
776 1665 847 1719 opus
859 1649 944 1703 merit

331 1733 501 1789 Conceditur
517 1739 549 1788 31
572 1733 640 1788 Maii
658 1734 794 1804 magistro
812 1735 881 1791 Tho.
899 1735 1022 1807 Spencer
1039 1741 1072 1790 vt
1087 1736 1215 1792 studium
1233 1737 1279 1809 xvj
1297 1755 1436 1794 annorum
1456 1739 1487 1795 in

400 1819 540 1892 theologia
551 1827 702 1892 postquam
714 1823 817 1877 rexerit
829 1823 859 1876 in
872 1823 982 1878 artibus
994 1824 1110 1879 Oxoniie
1121 1842 1187 1880 cum
1200 1825 1424 1897 oppositionibus
1440 1833 1486 1884 etc

401 1907 576 1980 perficiendis
594 1909 668 1964 infra
685 1926 793 1964 annum
811 1927 862 1964 sue
880 1909 1060 1966 admissionis
1078 1911 1133 1966 sub
1149 1929 1223 1984 pena
1240 1914 1284 1969 xli
1304 1915 1433 1985 ponenda
1456 1917 1486 1971 in

384 2047 389 2058 ,
401 1995 532 2051 manibus
540 2001 752 2067 procuratorum
762 1998 803 2052 sic
811 1997 899 2053 etiam
909 2002 940 2053 vt
947 1998 1172 2054 concionaturad
1182 2000 1318 2072 populum
1326 2002 1356 2057 in
1365 2002 1489 2060 comitiis

400 2085 534 2156 proximis
552 2085 674 2140 sufficiat
691 2085 717 2139 ei
734 2086 771 2140 ad
789 2085 981 2157 incipiendum
1001 2088 1030 2142 in
1049 2104 1128 2142 sacra
1151 2087 1291 2160 theologia
1336 2089 1488 2147 Admissus

401 2175 436 2226 28
448 2172 466 2227 J
468 2173 527 2227 unii
540 2178 719 2246 presentatus
731 2190 781 2245 per
792 2173 936 2230 doctorem
949 2174 1083 2230 Hawford
1096 2177 1215 2247 (peregit
1227 2177 1324 2232 omnia
1335 2180 1437 2252 musy.)

755 2566 877 2631 Eorum
900 2567 1055 2652 professio

329 2753 363 2808 In
375 2752 420 2808 dei
432 2752 545 2807 nomine
562 2751 654 2807 Amen
691 2751 750 2823 Ego
764 2751 800 2807 N.
815 2750 850 2808 N.
866 2769 900 2806 ex
916 2752 1011 2807 animo
1025 2752 1179 2823 amplector
1196 2752 1357 2808 vniuersam
1375 2770 1484 2809 sacram

397 2839 564 2910 scripturam
573 2839 735 2893 canonicam
743 2839 830 2894 veteri
840 2843 869 2893 et
877 2856 950 2894 novo
959 2843 1130 2894 testamento
1139 2841 1368 2911 comprehensam
1378 2843 1484 2896 omnia·

396 2946 451 3000 que
462 2927 512 2983 illa
522 2945 578 2999 que
590 2945 656 2982 vera
667 2927 782 2982 ecclesia
790 2927 895 2982 Christi
907 2934 1005 2983 sancta
1014 2939 1043 2984 et
1053 2929 1207 3001 apostolica
1216 2929 1301 2985 verbo
1312 2929 1357 2985 dei
1370 2929 1485 2985 subdita

396 3021 426 3072 et
446 3015 543 3071 eodem
564 3013 720 3086 gubernata
743 3016 851 3086 respuit
875 3033 976 3087 respuo
999 3034 1055 3087 que
1078 3021 1158 3074 tenet
1181 3021 1263 3072 teneo
1313 3017 1347 3072 In
1372 3017 1484 3090 hiisque

396 3103 527 3160 omnibus
543 3104 579 3159 ad
596 3105 680 3159 linem
698 3122 786 3175 vsque
805 3106 863 3159 vite
880 3106 1049 3177 permanebo
1068 3107 1127 3162 Deo
1145 3107 1215 3162 mihi
1234 3124 1285 3178 pro
1302 3124 1416 3163 summa
1432 3125 1485 3162 sua

397 3193 586 3252 misericordia
603 3193 723 3265 gratiam
742 3198 887 3266 prestante
904 3212 954 3267 per
972 3194 1119 3252 Christum
1137 3195 1237 3250 Jesum
1272 3194 1365 3250 Amen

202 3599 223 3659 1,
241 3601 313 3659 90b
595 3577 718 3645 Gratiae
740 3599 804 3641 non
828 3581 1060 3641 concernentes
1081 3574 1216 3638 formam

325 3767 495 3824 Conceditur
510 3765 590 3836 xvij²⁰
606 3763 737 3820 Octobris
752 3767 785 3818 vt
801 3761 934 3817 dominus
949 3761 1182 3833 procancellarius
1198 3761 1327 3818 doctores
1347 3761 1482 3818 Hawford

395 3855 463 3926 May
488 3852 601 3907 Hutton
625 3851 649 3906 dt
672 3851 771 3922 Harvy
795 3849 923 3920 magistri
949 3847 1053 3904 [cedes
1077 3854 1107 3904 et
1134 3855 1328 3921 procuratores
1357 3849 1481 3906 habeant

394 3941 592 3998 auctoritatem
606 3944 636 3995 et
652 3938 816 3994 facultatem
832 3937 944 3993 emendi
962 3943 1056 3993 vestra
1072 3937 1190 4009 pecunie
1205 3937 1349 4008 quandam
1365 3938 1481 3994 domum

394 4031 453 4087 sive
466 4033 659 4086 tenementum
671 4045 736 4083 cum
748 4027 808 4082 suis
820 4025 1000 4098 pertinentiis
1011 4025 1041 4080 in
1054 4024 1174 4081 Burwell
1191 4025 1227 4080 ad
1244 4043 1325 4082 veum
1338 4024 1480 4082 academie

394 4120 434 4174 sic
447 4123 478 4172 vt
489 4118 519 4172 id
532 4127 625 4171 ratum
638 4115 676 4169 sit
689 4114 764 4185 quod
776 4131 823 4168 sex
836 4113 948 4168 illorum
961 4112 1078 4168 fecerint

324 4207 493 4265 Conceditur
510 4204 606 4259 eodem
629 4203 750 4257 Roberto
772 4201 894 4273 Lyuford
915 4203 944 4256 iu
964 4201 1074 4258 artibus
1094 4203 1228 4273 magistro
1247 4208 1279 4256 vt
1298 4204 1337 4258 sit
1357 4221 1429 4258 vnus
1447 4221 1481 4258 ex

393 4291 473 4362 xij&
484 4287 706 4361 predicatoribus
718 4286 771 4342 hoc
782 4304 857 4342 anno
870 4304 920 4359 per
931 4287 1104 4342 academiam
1116 4286 1280 4342 emittendis
1291 4293 1321 4342 et
1332 4305 1417 4358 super
1426 4288 1479 4343 hec

394 4386 488 4436 vestra
499 4377 676 4434 concessione
686 4377 783 4433 literas
795 4375 898 4432 hebeat
910 4376 1072 4448 obsignatas
1084 4375 1175 4448 sigillo
1187 4375 1330 4431 communi
1374 4375 1480 4432 Eadem
