3398 5122
356 359 420 422 404
790 374 904 423 aaron
927 375 1019 423 soor<
1043 373 1066 422 Δ
1348 357 1516 442 [1585-86

356 532 387 582 21
414 529 543 584 ianuarii
572 529 735 586 conceditur
760 547 823 584 cum
851 547 901 601 per
928 529 1036 600 aliquot
1063 530 1120 584 iam
1145 546 1235 584 annos
1260 528 1385 600 proxime
1408 527 1518 598 elapsos

427 622 576 688 computus
606 617 741 672 cistarum
772 618 950 674 intermissus
979 621 1009 674 et
1038 618 1121 690 quasi
1151 617 1295 689 neglectus
1327 616 1413 671 luerit
1443 613 1517 670 vnde

428 707 545 761 infamia
568 708 661 778 gravis
685 708 864 763 vniuersitati
889 708 1012 763 invritur
1034 706 1102 763 boni
1123 706 1176 762 viri
1200 705 1332 761 scandalo
1356 704 1518 760 afficiuntur

428 800 457 848 et
481 795 652 851 conscientia
676 795 895 866 magistratuum
917 797 1048 866 (quorum
1070 793 1134 850 fidei
1157 793 1310 866 reipublice
1330 797 1425 848 nostre
1449 807 1517 846 cura

428 888 458 938 et
480 883 646 954 gubernatio
671 885 871 953 committitur)
894 901 949 940 non
973 884 1074 939 leviter
1097 883 1233 956 pungitur
1256 883 1349 954 placet
1370 880 1450 937 vobis
1472 882 1516 950 (vt

427 971 537 1040 singula
561 971 597 1026 ad
621 976 751 1044 optatum
776 977 805 1027 et
825 971 999 1027 destinatum
1025 972 1151 1028 ordinem
1172 971 1349 1039 revocentur)
1371 975 1402 1023 vt
1424 971 1517 1022 vestra

427 1059 597 1114 auctoritate
618 1059 750 1114 dominus
768 1059 1000 1131 procancellarius
1022 1059 1149 1114 doctores
1167 1058 1246 1114 Coad
1268 1059 1351 1114 Some
1369 1063 1398 1112 et
1414 1055 1517 1112 Warde

428 1148 557 1218 magistri
570 1148 730 1204 Chaderton
747 1149 864 1204 Barwell
881 1154 911 1204 et
927 1149 1032 1221 Stokys
1048 1147 1159 1220 pos'sint
1170 1147 1268 1203 audire
1279 1151 1444 1218 computum
1456 1152 1517 1200 tam

427 1237 585 1292 communis
609 1255 696 1308 quam
721 1239 847 1293 omnium
872 1239 992 1293 aliarum
1016 1240 1153 1294 cistarum
1177 1255 1227 1309 pro
1251 1236 1303 1291 hoc
1327 1252 1401 1292 anno
1424 1235 1518 1290 sicvt

426 1323 559 1380 dominus
575 1326 809 1397 procancellarius
822 1344 895 1381 vnus
909 1325 1007 1382 doctor
1019 1332 1049 1382 et
1060 1326 1116 1382 duo
1129 1326 1177 1382 alii
1189 1325 1225 1381 ad
1238 1326 1387 1380 minimum
1399 1323 1518 1378 audiant

427 1411 568 1482 predictos
584 1418 734 1485 computus

212 1491 232 1550 f.
253 1493 310 1549 150
324 1492 343 1548 b
357 1499 526 1554 Conceditur
544 1503 577 1555 16
595 1500 756 1554 Decembris
772 1499 815 1554 Jo.
833 1501 947 1556 Bacster
966 1500 1073 1556 bedello
1086 1505 1118 1556 vt
1134 1501 1178 1556 Jo.
1194 1501 1310 1556 Bacstar
1326 1499 1416 1555 lilium
1432 1515 1516 1553 suum

169 1579 172 1584 ’
427 1587 599 1643 substituere
619 1589 708 1659 possit
728 1583 778 1659 qui
799 1589 860 1644 eius
881 1606 986 1644 munaus
1005 1588 1090 1644 obeat
1108 1605 1198 1659 quum
1217 1605 1284 1644 vsus
1302 1587 1357 1642 erit
1374 1603 1462 1656 vsque
1480 1584 1517 1640 ad

427 1675 532 1730 festum
557 1676 762 1747 purificationis
787 1677 948 1748 proximum
976 1679 1018 1732 its
1043 1683 1138 1732 minen
1164 1682 1196 1732 vt
1222 1678 1283 1749 ipse
1308 1677 1337 1731 in
1365 1673 1518 1730 maioribus

427 1759 569 1817 academie
586 1763 678 1817 causis
696 1762 832 1817 interesse
850 1766 982 1818 teneatur
998 1762 1035 1818 ad
1053 1762 1190 1833 placitum
1208 1761 1416 1834 procancellarii

358 1847 528 1904 Conceditur
546 1853 591 1903 11ο
605 1849 751 1904 Februarii
768 1849 903 1920 magistro
921 1849 1029 1904 'l'home
1045 1849 1168 1904 Thomas
1185 1853 1218 1904 vt
1233 1850 1271 1904 sit
1288 1867 1360 1904 vnus
1376 1867 1410 1903 ex
1425 1846 1518 1903 tribus

427 1936 529 1990 vestris
549 1936 684 1992 librorum
703 1935 919 2008 impressoribus
938 1953 1003 1992 oum
1021 1935 1153 1992 omnibus
1171 1937 1324 2008 privilegiis
1341 1935 1447 1991 eisdem
1464 1935 1516 1990 im-

428 2023 603 2094 pressoribus
626 2026 765 2080 concessis
789 2027 830 2080 sic
854 2029 887 2080 vt
913 2043 997 2096 super
1024 2025 1078 2080 hac
1102 2029 1196 2080 vestra
1219 2024 1396 2080 concessione
1420 2023 1517 2078 literas

428 2111 531 2167 habeat
549 2113 686 2182 sigillatas
703 2114 794 2185 sigilio
812 2119 907 2169 vestro
924 2113 1067 2168 communi

359 2197 463 2253 Eodem
488 2199 651 2255 conceditur
690 2201 762 2256 Cum
788 2200 978 2256 Londinenses
1002 2198 1138 2254 librorum
1162 2199 1343 2271 impressuras
1366 2198 1517 2254 inciviliter

427 2286 584 2342 abutuntur
608 2293 638 2342 et
662 2294 759 2344 nostra
782 2294 812 2343 et
836 2288 988 2344 Oxoniensi
1013 2287 1157 2342 academia
1181 2293 1211 2344 et
1235 2287 1321 2341 libros
1345 2287 1516 2357 inutraque

429 2375 572 2431 academie
588 2377 738 2448 impressos
755 2377 783 2431 in
801 2377 950 2448 pemitiem
967 2386 1127 2430 nostrorum
1144 2375 1343 2446 impressorum
1359 2375 1435 2431 omni
1450 2392 1515 2429 cum

428 2463 611 2518 festinacione
635 2463 803 2534 imprimunt
826 2463 921 2518 Placet
942 2462 1022 2517 vobis
1042 2461 1168 2532 exemplo
1190 2461 1357 2516 Oxouiensis
1375 2461 1516 2516 academie

429 2555 554 2605 statuere
571 2569 606 2605 ne
624 2551 774 2622 quisquam
791 2551 1006 2622 bibliopolarum
1024 2553 1183 2604 nostrorum
1199 2547 1236 2603 ab
1255 2549 1311 2602 isto
1328 2549 1374 2604 die
1392 2550 1421 2603 in
1440 2549 1516 2603 lutu-

430 2655 493 2691 rum
510 2643 560 2692 eut
577 2645 653 2693 emat
670 2639 739 2710 liget
757 2645 807 2694 aut
824 2639 979 2694 venditioni
995 2642 1118 2709 exponat
1133 2637 1256 2708 aliquem
1272 2636 1377 2692 librum
1396 2636 1516 2692 noadini

426 2730 478 2780 aut
499 2727 566 2781 alibi
591 2727 665 2781 inira
686 2745 803 2798 regnum
825 2727 926 2798 Anglie
947 2728 1117 2798 impressum
1138 2727 1189 2797 qui
1210 2732 1261 2781 aut
1284 2726 1330 2781 hio
1350 2726 1394 2782 vel
1415 2727 1516 2782 Oxonii

427 2815 483 2870 fuit
507 2816 661 2886 impressus
684 2821 736 2870 aut
755 2815 888 2887 deinceps
912 2815 1092 2887 imprimetur
1115 2813 1168 2869 sub
1193 2831 1266 2885 pena
1289 2815 1365 2870 exilii
1388 2815 1517 2885 perpetui

427 2909 457 2959 et
481 2905 679 2959 confiscatione
703 2904 839 2960 librorum
864 2903 1026 2960 huiusmodi
1075 2904 1114 2958 Et
1138 2904 1253 2974 insuper
1276 2919 1311 2958 no
1335 2902 1408 2958 vllus
1431 2902 1518 2958 huius

427 2991 568 3047 academie
593 2993 725 3047 alumnus
752 2998 781 3047 et
808 2993 855 3047 hic
882 2993 971 3047 literis
998 2991 1112 3046 deditus
1137 2991 1205 3046 dum
1232 3009 1337 3046 moram
1364 2991 1460 3046 trahat
1485 2991 1516 3046 in

428 3083 525 3133 nostra
546 3079 731 3134 uniuersitate
754 3084 832 3134 emat
855 3079 979 3149 aliquem
1004 3077 1109 3133 librum
1133 3077 1295 3133 huiusmodi
1320 3077 1439 3133 Londini
1463 3081 1516 3132 aut

427 3165 495 3220 alibi
513 3167 554 3220 sio
571 3167 740 3236 impressum
759 3166 840 3221 cuius
857 3167 938 3236 copia
957 3166 1000 3221 vel
1019 3165 1065 3220 hic
1082 3169 1133 3220 aut
1151 3165 1252 3220 Oxonii
1271 3165 1348 3236 prelo
1365 3165 1516 3220 commissa

429 3253 484 3308 luit
499 3259 550 3307 aut
567 3253 622 3308 erit
638 3253 691 3308 sub
708 3271 781 3324 pene
799 3253 988 3309 inobedientis
1006 3257 1036 3308 et
1053 3253 1204 3308 amissione
1221 3253 1361 3308 dictorum
1379 3252 1514 3308 librorum

428 3358 575 3410 quousque
599 3341 682 3396 aliter
706 3359 756 3412 per
780 3341 951 3396 academiam
978 3342 1143 3397 decernetur
1169 3341 1282 3395 Provim
1306 3357 1416 3412 semper
1440 3341 1516 3411 quod

428 3429 609 3500 impressuras
633 3430 722 3484 nostri
747 3447 803 3484 non
829 3429 918 3501 pluris
942 3429 1067 3484 vendant
1091 3428 1214 3500 aliquem
1239 3427 1342 3483 librum
1367 3446 1417 3499 per
1440 3429 1518 3500 ipsos

429 3517 597 3587 impressum
623 3535 708 3587 quam
735 3517 916 3572 estimabitur·
942 3536 992 3590 per
1018 3517 1165 3572 dominum
1190 3516 1439 3588 prooancellarium
1465 3535 1517 3588 pro

430 3609 556 3675 ternpore
586 3604 754 3659 existentem
781 3609 811 3659 et
837 3604 960 3674 reliquos
990 3604 1151 3659 nominatos
1178 3605 1207 3658 in
1235 3603 1362 3659 articulis
1389 3605 1517 3675 magistri

430 3689 537 3744 Thome
556 3691 679 3746 Thomas

361 3777 531 3833 Conceditur
549 3777 646 3833 eodem
666 3779 799 3850 magistro
818 3780 945 3834 Antonio
967 3779 1043 3833 Maxi
1062 3779 1108 3834 die
1127 3779 1306 3834 comitiorum
1325 3779 1516 3850 proximorum

430 3865 628 3936 preteritorum
640 3870 766 3937 tempore
778 3867 929 3921 creationis
941 3865 1042 3921 absens
1054 3867 1118 3936 (sic)
1128 3870 1160 3920 vt
1172 3866 1262 3936 possit
1273 3867 1301 3920 in
1315 3871 1417 3921 senatu
1428 3867 1516 3921 creari

430 3957 460 4006 et
472 3951 598 4007 obtinere
610 3953 802 4008 senioritatem
815 3959 845 4007 et
856 3953 948 4009 locum
960 3972 1011 4025 per
1023 3959 1132 4025 patrem
1145 3955 1318 4024 assignatum
1331 3955 1414 4009 sicvt
1425 3954 1518 4009 solvat

430 4040 608 4095 vniuersilati
627 4047 694 4096 ante
711 4041 881 4095 creationem
900 4041 972 4114 xiijs
990 4041 1059 4112 iiijd

361 4129 531 4185 Conceditur
547 4133 580 4183 21
599 4129 668 4183 Maii
685 4130 820 4200 magistro
837 4129 906 4184 Tho.
920 4130 1041 4200 Egeston
1058 4133 1087 4184 et
1104 4129 1179 4184 Edu.
1194 4129 1286 4184 Cooke
1301 4128 1473 4200 jurisperitis
1485 4135 1519 4186 vt

430 4219 489 4273 sint
507 4217 543 4273 de
563 4219 679 4272 oonsilio
698 4219 894 4273 uniuersitatis
913 4223 943 4273 et
962 4236 1012 4290 pro
1030 4217 1123 4273 labore
1141 4235 1193 4273 suo
1211 4218 1359 4272 annuatim
1379 4218 1518 4289 recipiant

431 4305 468 4362 ab
494 4307 636 4362 academia
663 4325 713 4379 per
740 4325 841 4362 manus
867 4308 974 4363 domini
1002 4308 1210 4379 procancellarii
1236 4307 1286 4378 qui
1313 4325 1364 4378 pro
1391 4313 1519 4379 tempore

430 4395 516 4450 luerit
533 4396 637 4468 singuli
655 4397 705 4452 als
722 4397 819 4468 legalis
837 4401 948 4452 monete
964 4397 1065 4468 Anglie
1083 4395 1119 4451 ad
1137 4396 1242 4451 festum
1260 4395 1351 4452 sancti
1371 4395 1519 4452 Michaelis
