3408 5116
208 373 372 456 1581-82]
643 387 756 435 aaron
778 385 871 433 soon
894 386 917 433 e
1300 371 1362 434 349

207 546 249 619 Er
268 545 382 617 collegio
402 545 494 615 Magd.
542 543 608 598 Rob.
631 544 729 598 Porter
749 543 806 598 Ric.
830 541 962 597 Hansard
985 542 1043 596 Pet
1067 540 1174 594 French
1195 540 1237 594 W.
1263 541 1366 612 Parrye

279 633 409 688 Michaeli
429 633 552 704 Puryfoy
570 633 639 686 rho,
660 633 788 688 Hermen

208 721 322 776 Exaula
332 721 467 775 Katerine
497 718 642 774 W⁰Webb
651 719 748 774 Frena.
759 720 857 774 Pearte
868 719 941 789 Hug.
954 719 1119 790 Mapletolte
1129 717 1197 773 Tho.
1209 718 1364 788 Dorington

278 809 294 862 J
297 827 320 863 0.
334 808 495 879 Cholmeley
507 808 659 863 Nehemiaa
672 807 773 863 Daniel
785 807 804 862 J
805 825 829 862 o.
844 806 940 862 Bonde

209 897 395 952 Exaula'l'ri,
433 897 532 951 Eresm
547 895 615 951 Hun

209 985 251 1038 Ex
266 985 379 1054 collegio
397 985 491 1054 Regali
535 983 670 1055 J0.01yff
682 983 768 1039 Oeleb
780 983 888 1054 Kampt
900 984 969 1040 Tho.
984 984 1087 1038 Menke
1100 983 1158 1037 Rio.
1172 983 1280 1038 Ansam
1297 982 1365 1037 Rob.

279 1074 404 1145 Bunting
428 1073 475 1126 W⁰
500 1073 606 1146 Neyler
629 1072 672 1128 J0.
699 1073 822 1128 Howson
847 1073 892 1128 Fr.
918 1073 1026 1144 spone
1050 1072 1203 1128 Nicbolaus
1228 1073 1367 1142 Bestenye

278 1161 382 1232 quibus
400 1162 478 1216 nulla
495 1162 585 1233 petita
602 1165 653 1216 aut
671 1179 802 1216 concessa
819 1166 864 1216 est
881 1163 972 1232 gratia

208 1249 356 1320 Supplicat
380 1249 481 1304 vestris
506 1249 670 1304 reuerentiie
696 1249 809 1304 Simeon
834 1249 968 1304 Haiecius
993 1251 1114 1305 Boemus
1138 1255 1169 1303 vt
1195 1252 1228 1304 la
1252 1249 1365 1303 termini

279 1340 410 1411 completi
435 1339 464 1393 in
486 1339 590 1409 quibus
614 1338 748 1394 lectiones
768 1338 923 1394 ordinarias
944 1339 1054 1394 audivit
1075 1339 1179 1410 partim
1202 1338 1366 1409 Argentinae

278 1427 383 1498 partim
408 1426 508 1481 Oxonii
536 1426 640 1496 partim
666 1425 695 1479 in
720 1424 773 1480 hac
797 1431 891 1481 vestre
914 1426 1056 1482 academia
1080 1427 1147 1482 licet
1170 1444 1227 1480 non
1251 1426 1365 1480 omnino

279 1515 432 1570 seeundum
462 1516 581 1570 sormam
611 1514 714 1569 statuti
744 1531 810 1568 cum
840 1513 971 1568 omnibus
1001 1512 1224 1585 oppositionibus
1253 1531 1365 1584 respon·

279 1604 405 1659 sionibus
426 1605 582 1674 ceterisque
602 1603 742 1658 exercitiis
765 1621 816 1674 per
835 1607 946 1657 statute
965 1604 1040 1674 regia
1060 1602 1204 1674 requisitis
1224 1602 1365 1657 sufficiant
1378 1594 1398 1656 f.
1418 1597 1509 1656 135b

279 1693 304 1748 ei
322 1692 358 1747 ed
376 1692 600 1764 respondendum
618 1692 759 1763 questioni

210 1779 285 1834 Petri
322 1779 469 1850 Supplicet
485 1779 650 1834 reuerentiis
662 1780 764 1834 vestris
781 1779 946 1834 Edouardus
959 1780 1054 1836 Gleere
1068 1778 1154 1834 nobili
1172 1781 1250 1833 ortus
1266 1795 1364 1848 genere

278 1872 311 1922 vt
336 1885 435 1922 novem
462 1868 576 1923 termini
601 1868 632 1923 in
659 1867 763 1938 quibus
789 1875 834 1922 etc
861 1867 1003 1922 sufficiant
1028 1868 1053 1922 ei
1078 1867 1115 1922 ad
1140 1866 1364 1938 respondendum

278 1957 418 2027 questioni

210 2043 304 2100 Pemb.
349 2045 495 2116 Supplicat
515 2045 680 2100 reuerentiis
701 2045 803 2100 vestris
827 2043 967 2100 Robertus
991 2045 1088 2099 Hailes
1112 2043 1187 2098 filius
1208 2043 1311 2098 nobilis
1331 2047 1364 2098 vt

280 2133 375 2189 decem
396 2133 512 2188 termini
532 2132 684 2204 inquibus
705 2140 750 2187 etc
774 2133 915 2188 sufficiant
936 2133 962 2188 ei
983 2132 1019 2188 ed
1040 2131 1265 2203 respondendum
1284 2149 1364 2202 ques-

280 2221 351 2276 tioni

210 2308 316 2364 Christi
360 2309 507 2380 Supplicat
526 2309 691 2364 reuerentiis
709 2309 810 2364 vestris
829 2309 873 2364 Jo.
893 2309 995 2379 Hollys
1013 2308 1088 2364 filius
1106 2311 1136 2362 et
1155 2309 1235 2362 heres
1252 2307 1365 2363 domine

280 2394 415 2450 Eleonore
427 2395 483 2450 filie
495 2395 602 2450 domini
615 2395 728 2450 Shefeld
740 2401 769 2450 et
782 2395 944 2450 Elisabethe
956 2396 1049 2465 Veyer
1062 2394 1117 2448 filie
1133 2395 1246 2449 comitis
1258 2394 1364 2450 Oxonie

279 2486 309 2536 et
321 2488 470 2538 matertere
481 2483 562 2539 ducis
573 2484 714 2540 Norfoleie
727 2489 758 2539 vt
769 2483 866 2539 decem
878 2484 993 2538 termini
1004 2483 1146 2538 sufficiant
1157 2489 1202 2538 ete

679 2591 823 2645 Numerus
842 2594 895 2644 213

209 2759 379 2816 Conceditur
394 2764 429 2816 26
441 2761 569 2814 Januarii
582 2767 614 2815 vt
626 2761 752 2832 magistri
770 2761 850 2815 Hues
867 2760 971 2830 Regino
983 2765 1012 2814 et
1024 2759 1125 2814 Oowell
1143 2759 1226 2829 Regis
1238 2759 1297 2813 sint
1310 2775 1366 2812 vna

280 2863 344 2903 cum
362 2846 588 2918 procuratoribus
606 2848 810 2903 examinatores
826 2848 1076 2919 questionistarum
1093 2845 1178 2900 huius
1193 2846 1261 2900 enni
1277 2845 1317 2899 sic
1334 2852 1366 2900 vt

279 2953 373 2990 coram
390 2941 490 2992 senatu
506 2936 639 2991 iuditium
656 2948 686 2991 et
702 2937 871 2991 sententiam
889 2936 1028 2990 ferentin
1045 2935 1103 2988 vim
1120 2934 1270 2988 iuramenti
1287 2935 1366 3004 prins

280 3023 457 3080 uniuersitati
474 3025 587 3096 prestiti

210 3111 293 3168 Mem.
313 3112 388 3183 quod
408 3114 455 3168 270
472 3112 517 3167 die
536 3113 641 3167 mensis
660 3113 804 3167 Februarii
823 3131 897 3167 anno
915 3112 1042 3184 predicto
1060 3127 1153 3166 coram
1171 3109 1285 3164 domino
1303 3126 1364 3180 pro-

279 3198 443 3253 canoellario
463 3198 615 3269 allegatum
636 3204 666 3253 et
685 3199 837 3270 probatum
858 3199 915 3254 luit
937 3196 1090 3252 Ricardum
1113 3197 1249 3250 Batemen
1270 3200 1300 3249 et
1320 3195 1363 3249 Jo.

280 3287 382 3342 Seman
409 3287 549 3342 scholares
574 3288 680 3358 collegii
711 3287 853 3358 Reginelis
880 3289 909 3342 in
938 3285 1117 3356 cantebrigia
1143 3302 1200 3340 non
1227 3285 1365 3354 completo

279 3375 464 3445 quadriennio
490 3380 520 3429 et
547 3373 633 3430 etiam
664 3375 824 3430 inconsulto
854 3375 989 3445 magistro
1018 3375 1078 3428 sive
1107 3371 1267 3444 presidente
1295 3371 1365 3425 dicti

278 3461 384 3531 collegii
408 3461 444 3516 de
467 3479 604 3516 consensu
630 3463 744 3517 maioris
768 3462 859 3534 pertis
882 3463 1020 3517 sociorum
1044 3466 1114 3517 tunc
1137 3459 1309 3532 presentium
1334 3459 1364 3513 in

279 3557 380 3603 senatu
407 3549 584 3620 Centobrigie
611 3549 752 3604 academie
779 3550 899 3622 gratiam
926 3551 986 3604 sive
1013 3549 1180 3622 peticionem
1208 3565 1273 3602 cum
1300 3547 1364 3602 sub-

280 3635 432 3705 scriptione
451 3637 494 3690 Jo.
516 3637 619 3710 Smyth
640 3638 670 3692 in
690 3636 801 3692 artibus
822 3638 950 3708 magistri
972 3642 1001 3692 et
1021 3636 1090 3692 socii
1111 3635 1236 3690 eiusdem
1258 3635 1364 3705 collegii

278 3723 457 3792 proposuisse
481 3724 516 3778 ad
541 3723 767 3795 consequendum
792 3724 909 3795 gradum
933 3723 1182 3779 bacchalaureatus
1205 3723 1235 3777 in
1255 3721 1365 3777 artibus

279 3809 318 3864 Et
334 3809 432 3864 eadem
450 3811 540 3880 gratia
559 3829 689 3866 eonem
707 3813 819 3867 eosdem
837 3812 974 3866 admissos
990 3811 1026 3866 ed
1043 3810 1268 3882 respondendum
1283 3827 1364 3881 ques-

279 3887 350 3952 tioni
367 3905 465 3954 eontra
480 3901 606 3974 formam⁴
615 3905 788 3957 statutorum
804 3903 834 3956 in
850 3919 883 3956 ea
897 3905 978 3972 parte
992 3901 1131 3956 editorum
1147 3901 1220 3956 vnde
1234 3900 1365 3955 dominus

278 4004 311 4040 ex
331 3987 420 4041 officio
441 3988 593 4057 procedens
614 3993 713 4044 contra
732 4007 779 4043 eos
798 3989 833 4044 de
852 4007 990 4043 consensu
1010 3990 1205 4044 assistentium
1225 3988 1364 4060 prefatam

278 4073 446 4143 peticionem
463 4075 572 4129 irritam
589 4077 786 4147 pronuntiavit
805 4081 834 4131 et
849 4093 967 4132 vacuam
987 4077 1166 4148 prelatosque
1183 4077 1320 4130 Bateman
1335 4078 1365 4127 et

279 4161 381 4215 Samen
401 4161 525 4216 decrevit
544 4180 599 4217 non
619 4163 799 4218 obstantibus
819 4165 964 4235 premissIs
983 4165 1018 4220 de
1039 4165 1127 4236 gradu
1146 4163 1316 4234 dejiciendos
1335 4167 1365 4217 et

279 4339 377 4408 scripti
398 4343 429 4392 21
451 4356 511 4411 cap.
532 4341 612 4394 etin
633 4339 730 4395 eedem
752 4341 951 4397 condemnavit
971 4342 1091 4397 eundem
1112 4346 1317 4413 protestantem
1336 4347 1364 4396 et

279 4423 445 4496 allegantem
463 4443 493 4483 se
512 4425 710 4500 subscripsisse
728 4429 796 4499 quia
816 4429 1041 4501 viceprocurator
1059 4430 1180 4485 assensit
1199 4430 1365 4500 magistrum
