3422 5116
384 368 426 430 50
816 377 930 425 cerer
953 377 1044 426 soon
1069 383 1090 424 e
1333 363 1338 370 '
1374 363 1541 446 [itti-48

385 532 490 588 Eadem
505 531 596 602 gretie
607 530 643 585 de
654 529 738 584 verbo
754 530 783 584 in
797 528 913 586 verbum
932 529 1094 585 conceditur
1108 529 1216 585 Thcme
1234 529 1390 602 Kecbynnc
1401 531 1541 586 Gulielmc

455 619 572 674 Bimbeo
585 623 614 674 et
627 617 749 673 Henrico
761 617 882 690 Smytho

384 709 459 764 Item
479 705 641 762 conceditur
665 704 804 760 Richsrdc
829 705 937 761 Keohin
962 714 995 760 vt
1020 709 1053 760 12
1079 706 1194 760 termini
1218 705 1353 778 completi
1380 706 1410 761 in
1437 707 1542 778 quibus

456 795 588 851 lectiones
612 793 766 849 ordinaries
789 795 900 850 audiuit
919 813 969 866 per
989 793 1123 849 maiorem
1142 800 1253 866 purtem
1271 795 1301 850 in
1321 801 1382 850 tote
1402 813 1458 850 vnc
1476 813 1541 850 cum

456 882 680 955 oppositionibus
691 886 722 938 et
733 883 961 954 responsionibus
977 883 1121 953 requisitis
1136 883 1277 938 sufficient
1288 885 1313 939 ci
1325 883 1362 939 ed
1374 883 1542 956 responden-

457 970 526 1026 dum
537 969 678 1040 questioni

388 1062 460 1115 Item
485 1058 646 1114 conceditur
668 1058 772 1113 Joenni
798 1057 935 1129 Gnlpspsr
958 1063 990 1112 vt
1016 1062 1050 1112 10
1080 1058 1194 1114 termini
1224 1059 1253 1113 in
1281 1058 1385 1130 quibus
1409 1060 1542 1114 lectiones

356 1211 359 1218 ¹
457 1145 612 1201 ordinaries
624 1145 734 1200 audiuit
747 1163 797 1216 per
809 1145 941 1200 maiorem
955 1151 1065 1216 partem
1078 1146 1107 1200 in
1120 1150 1181 1200 toto
1193 1163 1258 1201 cum
1275 1147 1498 1218 oppositionibus
1512 1153 1542 1203 et

458 1233 684 1305 responsionibus
694 1235 837 1304 requisitis
847 1235 987 1289 sufficient
999 1235 1024 1289 ei
1037 1234 1073 1289 ed
1086 1234 1208 1290 finaliter
1220 1235 1465 1292 determinandum
1476 1253 1541 1291 cum

457 1323 558 1378 ceteris
574 1322 657 1376 huius
673 1323 741 1377 enni
754 1322 1020 1378 determinatoribus
1057 1323 1104 1378 Its
1116 1323 1191 1394 qnod
1204 1313 1398 1379 eius'ernditio
1409 1330 1439 1379 et
1451 1343 1542 1380 mores

458 1413 537 1485 prius
550 1411 745 1466 examinentur
755 1416 786 1468 et
800 1411 991 1485 approbentur
1007 1429 1057 1484 per
1073 1413 1247 1484 oppositoree
1263 1417 1371 1468 vestros
1389 1419 1419 1469 et
1436 1420 1493 1470 etet
1512 1415 1542 1470 in

459 1500 562 1556 scholis
573 1505 602 1554 et
614 1499 782 1555 determinet
794 1518 858 1555 cum
872 1500 971 1556 ceteris
983 1499 1190 1556 becchslenreis
1202 1501 1287 1556 huius
1298 1503 1365 1557 enni

390 1587 463 1644 Item
478 1586 640 1642 conceditur
655 1587 779 1642 Johenni
797 1589 898 1659 Kynge
913 1593 945 1642 vt
964 1592 997 1642 12
1016 1587 1129 1643 termini
1148 1587 1194 1642 hio
1212 1593 1241 1644 et
1259 1587 1375 1644 Oxoniis
1392 1590 1422 1645 in
1440 1589 1544 1660 quibus

458 1675 592 1730 lectiones
615 1674 769 1730 ordinaries
792 1676 904 1732 audiuit
928 1676 993 1732 licet
1017 1693 1073 1730 non
1100 1675 1215 1731 omnino
1241 1676 1395 1732 secundum
1423 1678 1542 1734 formem

460 1764 562 1820 statuti
582 1782 647 1819 cum
665 1765 889 1836 oppositionibus
907 1769 936 1820 et
954 1765 1181 1836 responsionibus
1199 1765 1342 1836 requisitis
1359 1767 1500 1822 sufficient
1517 1769 1543 1823 ei

459 1850 495 1906 ed
512 1849 634 1904 finaliter
648 1850 893 1907 determinandum
910 1869 974 1906 cnm
989 1851 1090 1907 ceteris
1102 1851 1186 1906 huius
1198 1853 1265 1906 enni
1278 1851 1543 1911 determinatoribus

461 1938 508 1993 Its
519 1938 594 2009 quod
606 1938 667 1993 eius
679 1938 800 1993 eruditio
811 1943 841 1994 et
853 1956 945 1994 mores
953 1939 1031 2010 prins
1044 1938 1240 1994 examinentur
1251 1944 1281 1995 ct
1292 1939 1483 2012 approbentur
1495 1961 1544 2014 per

460 2028 633 2100 oppositores
645 2033 753 2082 vestros
765 2032 794 2082 et
806 2033 864 2082 stet
875 2028 905 2082 in
918 2027 1020 2084 sobolis
1032 2045 1096 2082 cum
1108 2027 1208 2083 ceteris

457 2433 622 2499 Numerus
637 2434 941 2500 beochelaureorum
958 2436 992 2504 in
1007 2437 1133 2502 artibus
1149 2439 1241 2502 iuxta
1256 2437 1478 2502 senioritetem

659 2623 773 2677 ¹Stenes
1159 2623 1310 2694 Robynson

676 2711 742 2766 Hsll
1160 2711 1265 2782 Whyte

672 2797 772 2851 Shewe
1158 2799 1294 2870 Curtyese

674 2885 790 2941 Yeldert
1160 2887 1269 2959 Byrohe

674 2974 816 3046 Nycholes
1160 2975 1262 3046 Teylor

672 3063 804 3118 ¹Denmen
1113 3064 1140 3120 d.
1160 3066 1236 3137 Ayer

674 3151 794 3208 Strui-de
1160 3155 1309 3226 Atkynson

674 3241 772 3312 Anger
1161 3244 1280 3314 Smythe

673 3329 787 3384 Wulker
799 3330 872 3400 (aule
884 3330 970 3400 Cler.)
1157 3331 1271 3386 Weltrer
1283 3331 1379 3402 (dhis)

675 3418 774 3490 lekyn

451 4253 460 4288 ¹
478 4253 561 4307 These
572 4270 663 4308 semes
674 4273 717 4309 ere
728 4257 832 4310 written
844 4257 968 4324 sidevsys
979 4261 1058 4324 along
1069 4259 1114 4312 the
1125 4259 1226 4312 bottcm
1238 4259 1302 4326 edge
1312 4257 1397 4312 nithe
1408 4273 1480 4324 pege.
