3376 5108
357 331 419 394 172
790 351 904 400 onnon
927 351 1018 400 soon
1042 354 1065 400 a
1343 340 1510 423 [1563-64

354 495 461 552 Eadem
473 498 565 568 gratia
576 499 739 556 conceditur
752 501 850 558 eodem
866 519 931 558 cum
948 502 1027 575 xij⁶¹¹¹³
1042 505 1172 559 terminis
1188 521 1252 560 cum
1269 505 1390 560 termino
1406 505 1435 560 in
1451 523 1508 578 quo

422 593 466 644 est
477 589 718 647 determinaturus
731 593 810 650 Geor.
824 593 1024 666 christophore
1035 595 1106 650 Tho.
1120 594 1242 650 Barbero

353 677 459 732 Eadem
476 679 567 748 gratia
583 679 745 734 conceditur
765 680 863 736 eodem
878 699 943 736 cum
959 681 1027 753 xjem
1041 682 1170 737 terminis
1185 700 1249 739 curn
1265 683 1386 738 termino
1408 683 1437 738 in
1453 702 1509 755 qno

422 765 542 822 Ricardo
564 767 669 823 Faucet
690 768 810 824 Ricardo
831 769 944 842 Rayner
968 770 1082 842 Hugorri
1107 771 1201 843 Byllet
1227 770 1325 826 Israeli
1349 771 1448 827 Amice
1470 771 1508 828 Η.

422 853 510 910 Flude
521 855 590 912 Tho.
605 855 721 912 Browne
734 856 871 913 llioholao
882 858 1016 914 Thornell
1030 859 1147 930 Rogerio
1160 859 1263 914 Rames
1276 857 1379 914 Matth.
1390 860 1508 916 Shaitoe

350 942 455 998 Eadem
467 943 559 1014 gratia
570 943 734 999 conceditur
744 944 843 1000 eodem
855 963 920 1000 oum
933 945 1001 1017 xj⁰¹²¹¹
1014 946 1146 1002 terminis
1159 945 1227 1002 Rob.
1243 946 1306 1002 Sole

350 1029 454 1085 Eadem
467 1031 558 1102 gratia
570 1030 735 1086 conceditur
746 1031 842 1087 ecdem
856 1049 920 1087 cum
934 1042 995 1087 1⁰⁸¹¹²
1006 1033 1137 1088 torminis
1148 1032 1166 1087 J
1168 1050 1193 1091 0.
1206 1033 1280 1088 Sone

348 1117 454 1174 Eadem
462 1120 553 1190 gratia
560 1119 722 1174 conceditur
730 1137 795 1174 curn
803 1119 882 1191 fijan
889 1121 1019 1177 torminis
1028 1121 1054 1192 xj
1065 1119 1208 1176 Februarii
1220 1121 1356 1176 Niclrolao
1364 1121 1507 1178 Goodlade

418 1206 538 1263 Ricardo
550 1207 656 1262 Ranow
669 1206 766 1262 Frauc
781 1207 886 1280 Oopley
898 1215 1003 1264 etcum
1017 1209 1043 1280 xj
1057 1210 1187 1264 torminis
1200 1208 1299 1266 Humi.
1314 1209 1443 1264 Hanmer

347 1291 519 1349 Conceditur
538 1298 569 1348 ll
593 1293 738 1350 Februarii
761 1295 829 1352 Tho.
853 1295 962 1368 Pawley
984 1301 1017 1350 vt
1037 1296 1117 1367 xij‘lm
1140 1297 1255 1352 termini
1277 1296 1308 1351 in
1327 1295 1432 1368 quibus
1452 1301 1504 1351 eta

415 1382 559 1438 sufficiant
579 1383 604 1438 ei
625 1382 662 1437 ad
682 1383 907 1455 respondendum
927 1385 1068 1455 questioni
1088 1385 1129 1440 sic
1151 1389 1183 1440 vt
1201 1385 1262 1441 eius
1281 1385 1402 1441 eruditio
1426 1386 1506 1457 prius

416 1471 592 1526 examinetur
602 1475 633 1525 et
644 1469 817 1542 approbetur
827 1488 878 1542 per
889 1472 1094 1528 examinatores
1106 1472 1191 1527 huius
1204 1473 1271 1527 anni

346 1557 452 1612 Eodem
464 1557 562 1613 eadem
574 1558 666 1629 gratia
677 1557 840 1613 conceditur
852 1557 921 1613 Tho.
936 1559 1051 1613 Procter

346 1644 516 1701 Conceditur
535 1647 634 1718 xxviij⁰
654 1646 782 1702 ianuarii
802 1645 881 1701 Alex.
902 1647 964 1718 Key
983 1665 1047 1702 ceco
1066 1651 1133 1702 nato
1151 1653 1183 1702 vt
1203 1646 1251 1718 viij
1270 1647 1384 1702 termini
1403 1647 1432 1701 in
1451 1647 1504 1702 hao

415 1733 600 1789 vniuersitate
612 1739 641 1789 et
654 1753 726 1790 vnus
738 1752 830 1789 annus
839 1735 869 1789 in
878 1734 1022 1789 academia
1035 1734 1277 1790 Franckiordiensi
1291 1735 1320 1789 in
1332 1733 1437 1807 quibus
1448 1739 1501 1790 etc.

414 1822 556 1878 sufficiant
567 1822 593 1878 ei
605 1822 641 1878 ad
653 1819 879 1894 respondendum
891 1823 1034 1894 questioni

344 1909 514 1966 Conceditur
526 1911 553 1983 xj
567 1911 711 1966 Februarii
723 1911 741 1966 J
744 1930 766 1966 o.
781 1911 895 1966 Gelasio
907 1916 939 1967 vt
953 1916 986 1966 12
998 1911 1113 1967 termini
1127 1911 1232 1982 partim
1249 1912 1278 1966 in
1295 1911 1348 1966 hac
1365 1911 1501 1966 vniuersi·

414 2004 474 2054 tate
490 2001 595 2071 partim
611 2001 640 2055 in
658 1999 855 2055 transmarinis
869 1999 999 2071 partibus
1017 2001 1046 2054 ln
1065 1987 1170 2071 quibus
1188 2005 1240 2056 etc.
1260 1999 1402 2054 sufficiant
1420 2000 1445 2054 ei
1464 2000 1499 2055 ad

413 2087 637 2160 respondendum
650 2087 792 2158 questioni

343 2176 512 2232 Conceditur
524 2181 541 2232 3
555 2177 650 2232 Martii
664 2176 733 2232 Tho.
747 2174 845 2230 Sharre
858 2182 890 2229 vt
904 2179 937 2230 la
949 2175 1063 2231 termini
1079 2176 1108 2231 in
1124 2174 1228 2246 quibus
1242 2181 1295 2231 etc.
1315 2174 1457 2230 sufficiant
1472 2174 1499 2229 ei

412 2264 449 2319 ud
461 2263 685 2336 respondendum
698 2263 840 2335 questioni
857 2265 898 2318 sic
915 2273 946 2320 vt
965 2263 1025 2319 eius
1043 2262 1165 2319 eruditio
1181 2264 1260 2334 prius
1276 2264 1453 2318 examinetur
1469 2269 1499 2318 et

413 2351 583 2422 approbetur
606 2368 657 2422 per
680 2350 883 2405 examinatores
907 2349 992 2405 huius
1013 2351 1081 2405 anni
1099 2356 1128 2405 et
1146 2353 1204 2404 stet
1222 2349 1361 2420 reliquum
1378 2348 1498 2421 quadra·

413 2439 517 2509 gesime
528 2455 593 2493 cum
605 2439 705 2493 ceteris
717 2437 912 2508 questionistis

343 2527 449 2584 Eodem
461 2527 557 2582 eadem
568 2527 660 2597 gratia
671 2526 834 2582 conceditur
853 2526 965 2598 Digorio
983 2525 1079 2581 Nicols
1099 2529 1128 2580 et
1145 2543 1210 2581 eum
1225 2529 1255 2581 ll
1270 2525 1400 2580 terminis
1412 2525 1493 2580 Edm.

414 2615 523 2686 Bignall

223 2697 244 2756 i.
261 2699 299 2757 74
311 2719 330 2758 a
342 2701 414 2757 Cum
432 2702 487 2756 biis
505 2700 766 2757 determinauerunt
784 2701 819 2757 de
837 2701 951 2771 collegio
971 2700 1058 2770 Regio
1078 2698 1183 2771 quibus
1200 2700 1278 2755 nulla
1296 2699 1388 2770 petita
1405 2715 1497 2770 neque

412 2807 542 2846 concessa
566 2795 610 2844 est
634 2791 725 2861 gratia
749 2789 903 2843 Niclrolaus
927 2787 1039 2859 Ayland
1066 2787 1107 2844 W.
1134 2788 1258 2843 Hannan
1284 2786 1368 2857 Hugo
1393 2787 1496 2858 Blytlre

411 2877 554 2934 Abraham
575 2878 727 2933 Herteuell
751 2878 832 2933 Edrn.
859 2877 1007 2948 Leughton
1028 2877 1125 2934 Frauc.
1145 2876 1267 2948 Howlyn
1284 2876 1328 2933 Jo.
1352 2875 1496 2947 Nudigate

411 2967 480 3023 Tho.
495 2966 608 3022 Welche
619 2970 649 3020 et
662 2964 815 3021 Nicholaus
828 2966 973 3037 Golpottes
