3394 5114
301 298 302 306 ¹
349 315 413 383 232
782 335 1057 386 1111111111
1339 317 1505 406 [1169-70

348 489 455 544 Eadem
475 491 566 560 gratia
587 491 749 546 conceditur
769 509 835 546 cum
858 496 890 546 12
912 493 1042 546 terminis
1067 493 1101 549 27
1125 492 1256 548 11111111
1281 491 1351 550 0111.
1377 493 1427 564 Pig
1450 492 1502 548 Ed.

418 578 529 649 Selwyu
551 579 649 636 Cwalt.
671 579 782 650 Harper
802 579 871 636 Rob.
895 580 1036 635 Bendishe
1057 580 1126 636 Tho.
1146 581 1263 652 Younge
1282 581 1325 636 Jo.
1346 580 1502 637 Grenewell

419 667 462 722 J0.
485 668 620 723 Clerkson
643 668 688 724 Jc.
712 669 879 740 Kayretowe
903 669 972 724 The.
995 669 1144 741 Buclrbery
1166 670 1252 725 Tobie
1274 669 1361 726 Ward
1385 676 1415 726 et
1439 687 1503 724 cum

420 756 596 810 1311111111
613 773 678 810 cum
690 755 811 811 termino
823 757 854 811 in
866 773 923 828 quo
936 757 1072 812 Nicholao
1085 757 1165 813 Steer
1201 759 1316 813 Etcum
1331 763 1361 813 11
1375 757 1505 812 terminis

419 843 501 913 Roga
520 843 575 898 Car
618 844 739 898 Etcum
761 848 792 898 11
813 846 942 900 terminis
960 863 1025 901 cum
1043 846 1165 900 termino
1183 845 1212 900 in
1230 864 1287 918 quo
1306 845 1378 900 Hem
1399 845 1504 899 Nelson

418 931 501 986 Petro
519 931 636 1002 Mageon

348 1018 453 1073 Eadem
466 1019 558 1089 gratia
570 1019 734 1075 conceditur
742 1024 771 1074 3⁰
780 1020 926 1076 Februarii
939 1039 1004 1076 cum
1018 1026 1051 1076 12
1064 1023 1193 1077 terminia
1202 1022 1251 1077 W⁰
1259 1023 1387 1077 Johnson
1399 1025 1429 1076 et
1440 1038 1505 1076 cum

421 1111 451 1161 11
463 1106 593 1161 terminis
607 1105 676 1161 Rob.
687 1107 784 1162 Preest
797 1111 826 1162 11
838 1125 903 1162 cum
918 1112 948 1163 11
963 1108 1094 1162 terminis
1106 1125 1171 1162 cum
1183 1109 1305 1163 termino
1318 1110 1347 1163 in
1359 1127 1416 1179 quo
1427 1108 1504 1163 Jaco.

419 1195 531 1266 Gayton
572 1195 687 1250 Etcum
701 1200 734 1250 12
747 1197 878 1251 terminis
890 1200 935 1251 etc
947 1201 976 1251 et
989 1214 1054 1251 cum
1066 1197 1120 1251 111
1132 1197 1258 1252 clausula
1270 1198 1311 1252 aio
1323 1202 1355 1252 vt
1367 1197 1506 1252 examine·

418 1286 467 1336 tur
485 1287 514 1337 11
532 1282 704 1354 approbetur
721 1300 772 1354 per
787 1283 993 1338 examinatores
1010 1283 1095 1338 huius
1111 1284 1179 1338 anni
1196 1289 1307 1340 etcum
1326 1289 1357 1339 11
1375 1284 1506 1339 terminis

419 1387 484 1424 cum
496 1369 618 1424 termino
630 1370 660 1424 in
672 1387 729 1440 quo
742 1369 789 1424 W⁰
801 1370 876 1439 Cage

349 1457 520 1513 Conceditur
533 1461 565 1514 17
578 1457 724 1512 Februarii
737 1458 784 1513 W⁰
796 1457 889 1512 Cocke
902 1463 934 1512 vt
948 1462 978 1512 11
993 1458 1108 1512 termini
1120 1465 1165 1513 etc
1177 1459 1218 1514 111
1228 1463 1259 1514 11
1268 1459 1440 1531 approbetur
1452 1477 1502 1530 per

421 1546 623 1600 examinatores
636 1545 720 1600 huius
732 1545 799 1600 anni
816 1549 846 1599 et
862 1549 920 1600 stet
936 1545 1077 1616 reliquum
1094 1545 1308 1617 quadragesime
1324 1565 1388 1602 cum
1404 1549 1504 1602 ceteris

419 1633 615 1704 questionistis

348 1721 517 1777 Conceditur
530 1727 565 1776 20
576 1721 705 1776 Januarii
719 1720 769 1776 Ed.
784 1720 902 1775 Browne
914 1725 946 1775 vt
958 1738 1058 1776 novem
1071 1722 1101 1776 in
1113 1721 1166 1776 hac
1184 1723 1328 1778 academia
1345 1724 1460 1778 termini
1474 1730 1504 1778 et

419 1811 467 1865 alii
486 1810 541 1865 duo
560 1809 661 1880 integri
680 1809 746 1864 anni
765 1809 795 1862 in
813 1808 870 1862 alia
887 1807 1030 1864 academia
1049 1828 1103 1864 vna
1125 1829 1191 1866 cum
1212 1811 1438 1883 oppositionibus
1459 1815 1503 1866 etc

418 1899 560 1954 sufficiant
577 1899 602 1953 ei
621 1898 657 1953 ad
675 1895 902 1968 respondendum
920 1900 1060 1968 questioni

348 1986 787 2042 01111111112011111111Τ11.
802 1985 959 2056 Pembrigio
973 1992 1005 2041 vt
1022 1991 1054 2041 12
1072 1987 1186 2043 termini
1204 1988 1250 2042 hic
1267 1993 1297 2042 11
1314 1988 1343 2042 11
1359 1987 1503 2042 academia

419 2076 570 2131 Oxoniensi
583 2077 611 2130 in
625 2075 729 2147 quibus
741 2080 785 2129 etc
798 2074 919 2129 sufficiat
930 2075 956 2128 ei
969 2074 1005 2130 ad
1018 2075 1243 2146 respondendum
1256 2076 1396 2146 questioni

348 2164 518 2220 Conceditur
530 2169 564 2221 27
577 2165 706 2220 Januarii
719 2164 788 2218 Tho.
803 2163 919 2218 Browne
932 2168 963 2218 11
975 2183 1022 2219 sex
1035 2165 1149 2219 termini
1165 2165 1195 2218 in
1210 2166 1264 2219 hac
1280 2163 1423 2219 academia
1437 2181 1502 2218 cum

419 2253 534 2324 reliquis
547 2253 653 2308 Oxonie
666 2252 787 2324 peractis
800 2251 829 2305 iu
843 2250 947 2321 quibus
959 2257 1004 2307 etc
1016 2252 1138 2307 sufficiat
1150 2256 1195 2306 etc

349 2341 420 2396 Cum
433 2339 932 2410 111111111111111111111111111311
946 2340 1031 2411 Regio
1043 2340 1146 2410 quibus
1159 2341 1236 2395 nulla
1249 2341 1339 2411 petita
1353 2345 1398 2395 est
1411 2341 1503 2411 gnatia

419 2449 509 2501 neque
533 2448 663 2485 concessa
684 2429 720 2484 ab
739 2428 882 2483 academia
902 2429 978 2499 Step.
1000 2429 1093 2500 Lekye
1115 2431 1209 2484 Samu.
1232 2430 1368 2501 Flemyng
1386 2429 1502 2500 Egidius

419 2519 547 2573 Fletcher
564 2523 594 2572 et
611 2517 685 2572 Will.
705 2518 884 2588 Dorryngtou

347 2607 517 2662 Conceditur
529 2611 563 2662 20
575 2607 592 2662 J
595 2608 704 2662 anuarii
718 2606 887 2661 lmmanueli
899 2603 1063 2661 Chevalerio
1076 2606 1105 2660 in
1117 2607 1261 2661 academia
1274 2606 1501 2676 Hilderbergensi

418 2698 447 2751 in
465 2697 573 2751 artibus
589 2695 768 2750 bacbalaurio
780 2699 812 2748 vt
827 2695 866 2750 sit
883 2695 998 2749 eiisdem
1015 2694 1104 2764 gradu
1120 2695 1216 2750 ordine
1232 2700 1261 2750 11
1277 2713 1351 2750 1111
1367 2694 1413 2749 hic
1425 2694 1500 2766 apud

417 2804 467 2840 vos
479 2786 583 2857 quibus
594 2786 650 2839 fuit
662 2786 690 2838 in
704 2784 848 2839 academia
860 2782 1086 2853 Hilderbergensi

347 2875 517 2930 Conceditur
527 2873 625 2928 eodem
638 2877 670 2928 vt
682 2873 815 2942 magister
828 2873 913 2926 Laese
925 2878 955 2926 et
966 2871 1098 2926 dominus
1115 2871 1186 2926 Hen.
1202 2871 1323 2926 Howard
1336 2871 1395 2926 sint
1406 2875 1501 2926 vestra

417 2963 585 3018 auctoritate
606 2961 711 3016 iudices
731 2967 760 3015 et
781 2961 986 3015 examinatores
1007 2959 1258 3029 questionistarum
1273 2959 1358 3014 huius
1374 2959 1442 3014 anni
1460 2959 1501 3013 111

416 3056 448 3106 11
459 3067 552 3105 coram
565 3053 665 3104 senatu
678 3049 812 3103 iuditium
825 3053 854 3103 et
866 3050 1037 3104 sententiam
1055 3067 1137 3103 suam
1149 3048 1184 3103 de
1196 3048 1312 3103 eiiedem
1331 3049 1453 3103 reserant
1469 3049 1499 3103 in

416 3139 474 3194 vim
487 3137 638 3192 iuramenti
651 3137 695 3192 sui
708 3136 884 3190 universitati
897 3138 955 3191 iam
967 3136 1034 3190 olim
1047 3135 1160 3207 prestiti

346 3226 516 3283 Conceditur
528 3224 624 3282 eodem
637 3229 668 3278 vt
680 3223 866 3293 questioniste
878 3223 963 3277 huius
975 3223 1042 3276 anni
1056 3223 1166 3294 possint
1178 3222 1345 3294 respondere
1357 3223 1498 3293 questioni

416 3317 479 3384 post
491 3313 595 3367 festum
606 3311 810 3381 purificationis
822 3310 904 3365 beate
918 3311 1006 3364 Maria
1019 3328 1075 3364 non
1088 3309 1220 3364 obstante
1232 3314 1341 3364 statuto

345 3402 515 3458 Conceditur
535 3404 570 3454 30
590 3399 669 3453 Junii
687 3399 735 3452 W⁰
750 3398 854 3453 Cotton
872 3403 904 3452 vt
923 3401 954 3451 12
971 3397 1088 3452 termini
1104 3397 1135 3451 in
1152 3397 1256 3467 quibus
1274 3397 1409 3452 lectiones
1426 3397 1499 3452 ordi·

415 3491 509 3545 nerias
533 3488 643 3543 audivit
667 3505 732 3542 cum
756 3486 981 3559 oppositionibus
1003 3492 1048 3540 etc
1068 3487 1210 3541 sufficiant
1230 3488 1256 3542 ei
1278 3505 1329 3558 pro
1351 3487 1499 3558 completis

413 3578 502 3650 gradu
522 3583 552 3632 11
573 3578 663 3631 forma
684 3576 861 3631 bachalaurei
880 3577 909 3629 in
931 3574 1040 3630 artibus
1060 3579 1091 3630 et
1108 3580 1167 3630 stet
1185 3575 1214 3629 in
1233 3577 1361 3647 proxima
1378 3575 1497 3646 quadra·

413 3669 520 3738 gesimo
537 3672 567 3720 et
584 3665 750 3720 convivetur

344 3755 515 3812 Conceditur
532 3757 549 3808 9
568 3750 730 3807 Decembris
749 3756 781 3805 vt
799 3751 932 3821 magister
949 3749 991 3804 W.
1011 3750 1068 3804 ltce
1087 3751 1115 3804 11
1135 3751 1278 3804 academia
1298 3750 1448 3805 Oxoniensi
1468 3751 1497 3804 in

413 3843 524 3899 artibus
540 3843 674 3912 magister
690 3842 729 3896 sit
746 3841 791 3894 hic
809 3840 884 3911 apud
903 3857 953 3894 voe
971 3839 1000 3893 in
1019 3839 1136 3893 eiiedem
1154 3839 1242 3910 gradu
1261 3841 1358 3894 ordine
1377 3846 1406 3894 et
1423 3857 1498 3894 anno

413 3932 517 4005 quibua
535 3931 591 3986 fuit
608 3933 638 3985 in
656 3930 799 3985 academia
817 3930 968 3986 Oxonienei
