3394 5114
776 335 891 382 onnon
913 333 1006 382 soon
1030 333 1052 380 o
1332 317 1499 400 [1563-64

742 842 893 928 Magistri
916 843 950 908 in
973 841 1101 910 ortibus

342 1045 512 1101 Conceditur
524 1049 541 1100 3
555 1045 651 1100 Mertii
668 1044 783 1100 domino
799 1043 868 1100 Tho.
883 1044 992 1100 Rosteil
1007 1051 1041 1101 rt
1057 1045 1085 1101 ix
1102 1047 1216 1101 termini
1229 1051 1294 1118 poet
1309 1047 1422 1102 finalem
1438 1047 1499 1102 eius

411 1134 674 1190 determinationem
699 1134 728 1189 in
753 1133 858 1206 quibus
883 1134 1017 1190 lectiones
1040 1134 1197 1190 ordinaries
1218 1136 1331 1191 audiuit
1351 1137 1418 1192 licet
1441 1153 1498 1192 non

411 1223 528 1279 omnino
538 1223 692 1278 secundum
706 1222 825 1277 formem
838 1221 941 1277 statuti
954 1239 1019 1277 cum
1032 1223 1258 1295 oppositionibus
1270 1224 1499 1297 responsionibus

410 1316 440 1365 et
455 1309 520 1365 eliis
535 1309 677 1365 exercitiis
688 1327 739 1380 per
750 1313 861 1365 statute
877 1309 964 1380 Regis
980 1311 1127 1381 requisitis
1144 1312 1286 1367 sufficient
1302 1313 1328 1368 ei
1345 1313 1381 1369 sd
1398 1313 1497 1384 incipi-

411 1397 515 1453 endum
528 1399 558 1453 in
571 1397 682 1453 ortibus

341 1486 448 1542 Eodem
467 1485 564 1541 eedem
583 1485 674 1557 gretie
692 1485 855 1542 conceditur
874 1484 988 1541 domino
1010 1485 1079 1542 Rob.
1105 1487 1203 1541 Tower
1223 1486 1248 1542 d.
1270 1485 1351 1542 Edm.
1371 1487 1498 1559 Rolrerey

409 1574 436 1630 d.
460 1574 529 1630 Rob.
554 1573 678 1646 Lyniord
697 1573 724 1630 d.
746 1574 791 1630 Jo.
818 1575 926 1630 Beeoon
948 1574 975 1630 d.
1001 1573 1070 1629 Rob.
1091 1574 1223 1647 Byshope
1241 1573 1269 1630 d.
1294 1575 1385 1631 Ovino
1407 1575 1496 1647 Owyn

409 1661 437 1719 d.
454 1661 573 1718 Ricardo
587 1662 686 1716 Mosen
698 1660 726 1718 d.
742 1661 785 1716 W.
800 1660 893 1716 Tebor·

340 1749 446 1806 Eedem
458 1751 550 1821 gretie
562 1749 726 1805 conceditur
738 1767 773 1804 xv
787 1749 883 1804 Martii
896 1748 922 1804 d.
937 1749 1064 1805 Arthuro
1078 1750 1192 1822 Purifye
1203 1750 1230 1806 d.
1243 1750 1286 1806 Jo.
1302 1751 1395 1806 Oooke
1407 1751 1434 1806 d.
1449 1751 1492 1807 W.

409 1836 534 1910 Gylbnrd
551 1835 577 1892 d.
596 1835 665 1891 Tho.
683 1835 773 1890 Lakes
785 1834 812 1890 d.
829 1835 927 1906 Steph.
945 1835 1062 1890 Wnrner
1073 1833 1100 1890 d.
1113 1835 1156 1893 Jo.
1170 1835 1248 1908 Ayer
1259 1836 1285 1892 d.
1300 1836 1370 1894 Tho.
1387 1838 1495 1894 Dronte

409 1925 436 1982 d.
451 1925 501 1981 Ed.
516 1922 651 1995 Hsusbey
663 1923 690 1979 d.
705 1922 825 1978 Ricardo
843 1922 998 1978 Howlende
1013 1923 1039 1979 d.
1055 1923 1099 1980 Jo.
1121 1924 1257 1996 Grundye
1274 1923 1301 1980 d.
1318 1924 1360 1980 W.
1378 1926 1455 1981 Lunt
1466 1925 1493 1981 d.

410 2014 487 2085 Step.
500 2012 653 2084 Oerdynell

339 2102 446 2158 Eodem
464 2102 554 2173 gretie
570 2099 734 2155 conceditur
747 2099 848 2171 xxiiij&
865 2099 962 2155 Martii
979 2099 1005 2155 d
1023 2099 1092 2156 Tno.
1114 2099 1233 2158 Rendell
1249 2100 1276 2155 d
1292 2101 1359 2157 Rob.
1374 2102 1495 2173 Holgnte

410 2188 437 2244 d.
450 2188 519 2243 Tho.
535 2187 637 2242 Ferfex

340 2276 446 2333 Eadem
464 2275 555 2347 gretie
571 2273 734 2330 conceditur
749 2274 848 2345 xxviij⁰
864 2273 973 2345 Aprilis
986 2273 1022 2328 de
1039 2274 1123 2330 verbo
1135 2275 1165 2329 in
1178 2274 1333 2331 verbumd
1349 2275 1389 2331 W.
1405 2277 1496 2333 Grene

409 2364 435 2420 d.
450 2363 518 2422 Rcb.
532 2362 661 2418 Johnson
673 2361 700 2418 d.
715 2361 791 2417 Oem.
806 2362 898 2417 David
910 2362 938 2419 d
950 2362 968 2417 J
970 2379 993 2417 o.
1008 2363 1123 2434 Gybson
1140 2361 1166 2418 d.
1181 2363 1332 2419 Leuceloto
1352 2364 1495 2436 Dnnnyng

409 2452 435 2508 d.
459 2452 496 2507 H.
519 2450 683 2506 Oockcrofte
701 2448 728 2506 d.
748 2450 872 2505 Vincent
889 2450 1020 2522 Skynner
1037 2450 1063 2507 d.
1085 2451 1222 2506 Nicholeo
1240 2449 1350 2508 Orsbbe
1367 2451 1394 2508 d.
1414 2451 1494 2508 Ieeeo

410 2540 538 2595 Berrorae

339 2631 445 2687 Eedem
458 2631 549 2702 gretie
561 2629 724 2686 conceditur
735 2629 835 2684 vltimo
849 2629 918 2684 Maii
929 2629 956 2684 d.
972 2628 1014 2686 W.
1028 2629 1131 2700 Smyth
1144 2634 1173 2684 et
1185 2629 1211 2684 d
1226 2629 1269 2686 W.
1283 2630 1380 2686 Butler

340 2719 511 2776 Conceditur
528 2723 560 2774 lt
577 2719 673 2774 Martii
688 2719 757 2773 Tho.
773 2719 900 2789 Leugton
914 2723 945 2772 vt
957 2718 1085 2773 studium
1098 2721 1161 2772 octo
1172 2735 1311 2774 annorum
1323 2719 1353 2774 in
1365 2719 1494 2775 humeni-

410 2806 506 2863 0ribus
517 2807 608 2862 literis
620 2807 724 2878 pertim
738 2807 766 2861 in
780 2806 832 2861 hec
841 2807 1026 2864 uniuersitote
1035 2806 1141 2877 partim
1151 2806 1180 2860 in
1190 2806 1342 2862 Oxonienei
1351 2807 1495 2864 ecedemis

410 2912 475 2950 cum
487 2893 713 2965 oppositionibus
724 2893 953 2964 responsionibus
965 2897 994 2948 et
1005 2893 1069 2948 eliis
1082 2894 1221 2948 exercitiis
1233 2911 1283 2965 per
1293 2900 1403 2950 statute
1419 2895 1493 2968 regie

411 2983 556 3055 requisitis
567 2981 690 3038 sufficiet
701 2981 727 3036 ei
739 2981 775 3037 ed
788 2981 981 3053 incipiendum
994 2981 1023 3036 in
1035 2980 1146 3036 artibus
1157 2981 1198 3036 sic
1215 2987 1247 3037 vt
1265 2987 1358 3038 vestre
1373 2984 1492 3039 auctori-

411 3077 472 3127 tete
483 3069 650 3142 respondeat
662 3069 692 3124 in
705 3069 805 3125 habitu
819 3068 997 3124 bwhelnurei
1009 3073 1039 3123 et
1050 3067 1143 3142 solvet
1155 3069 1336 3124 uniuersitoti
1349 3088 1406 3126 ne

341 3160 510 3220 Conceditur
525 3159 623 3215 eodem
638 3159 664 3215 d.
678 3159 776 3230 Steph.
790 3158 919 3230 Wcorley
937 3165 970 3213 vt
986 3159 1014 3213 ix
1030 3157 1145 3212 termini
1164 3163 1229 3229 post
1245 3158 1357 3214 finalem
1371 3159 1433 3215 eius
1446 3158 1493 3215 de·

411 3246 638 3303 terminationem
651 3246 680 3301 in
692 3245 796 3317 quibus
808 3245 941 3300 lectiones
952 3244 1108 3301 ordinarios
1117 3245 1228 3300 audiuit
1238 3245 1303 3301 licet
1312 3263 1368 3300 non
1377 3247 1493 3302 omnino

412 3335 566 3391 secundum
579 3335 696 3390 formum
709 3334 812 3390 statuti
824 3352 890 3389 cum
902 3351 957 3388 vne
969 3333 1148 3404 responsione
1157 3333 1298 3388 sufficient
1309 3335 1335 3389 ei
1346 3334 1383 3390 ed
1395 3335 1492 3408 incipi·

412 3423 517 3480 endum
535 3424 565 3478 in
581 3423 692 3479 artibus
706 3423 747 3478 sic
764 3429 796 3478 vt
812 3423 904 3478 solvet
916 3422 1096 3477 uniuersiteti
1109 3439 1148 3475 xs
1159 3438 1211 3492 pro
1222 3421 1338 3492 reliquis
1354 3423 1493 3480 exercitiis

341 3519 407 3575 Vns
424 3533 489 3572 oum
508 3515 564 3570 hiis
582 3515 749 3586 inceperrmt
766 3513 801 3569 de
819 3512 933 3583 collegio
960 3511 1045 3581 Regio
1062 3509 1167 3581 quibus
1185 3509 1264 3565 nulle
1286 3512 1378 3581 gretie
1402 3513 1493 3582 petite

411 3619 502 3674 neque
513 3601 687 3673 dispensatio
699 3617 830 3656 concesse
840 3599 973 3654 dominus
986 3598 1027 3653 W.
1041 3597 1199 3670 Wyokhem
1211 3596 1238 3652 d.
1251 3597 1269 3651 J
1271 3614 1294 3652 o.
1312 3595 1447 3654 Woluerd
1464 3599 1490 3655 d.

413 3691 480 3761 Rog.
494 3689 610 3744 Browne
