3376 5108
342 337 403 400 144
773 353 886 401 ouscs
909 354 1000 401 soon
1024 353 1047 400 Δ
1329 337 1496 420 [1559-60

408 514 621 582 procuratorum
643 514 709 564 ante
728 510 789 564 eius
813 510 1012 565 admissionem
1037 509 1158 564 sufficiet
1181 509 1207 564 ei
1226 508 1261 564 ed
1281 507 1445 564 intrandum
1464 510 1493 564 in

408 616 487 652 sacru
510 597 649 666 theologia
668 597 710 651 ite
731 601 763 652 vt
784 598 845 652 eius
869 597 1003 652 admissio
1027 601 1085 652 stet
1109 615 1160 669 pro
1183 598 1330 668 completis
1352 597 1441 668 gradu
1464 603 1494 653 et

408 687 499 741 forme
510 687 551 742 sic
562 691 657 740 temen
671 689 703 739 vt
714 685 879 741 convivetur
891 685 919 739 in
933 685 1067 757 proximis
1079 686 1202 742 comitiis
1213 689 1243 740 et
1259 685 1367 756 relique
1379 692 1494 756 peraget

409 775 488 831 iuxta
499 776 617 830 formem
630 779 659 828 et
671 774 902 830 consuetudinem
916 773 1057 829 academie
1128 773 1279 829 Admissus
1290 773 1386 829 eodem

717 1232 873 1298 Doctores
896 1233 929 1296 iu
954 1232 1116 1297 medicina

338 1418 507 1473 Conceditur
519 1423 554 1473 29
567 1419 663 1472 Martii
677 1419 811 1490 magistro
824 1418 938 1490 Lorkyn
950 1423 982 1472 vt
994 1417 1121 1472 studium
1134 1423 1150 1470 5
1163 1434 1300 1474 annorum
1312 1418 1341 1473 in
1354 1417 1493 1474 medicina

408 1525 472 1561 cum
485 1505 708 1578 oppositionibus
721 1505 948 1576 respurnsionibus
960 1509 990 1560 et
1001 1505 1065 1560 eliis
1081 1507 1219 1560 exercitiis
1236 1524 1286 1576 per
1297 1507 1372 1577 regia
1383 1510 1493 1560 statute

408 1595 552 1665 inquisitis
563 1593 685 1649 sufficiet
697 1595 721 1648 ei
735 1593 770 1648 ed
783 1594 974 1666 incipiendum
987 1593 1017 1647 in
1029 1592 1127 1648 eedem

705 2029 862 2095 Doctores
884 2029 918 2093 in
940 2029 1011 2095 iure
1034 2030 1122 2095 civili

337 2217 507 2274 Conceditur
525 2223 559 2273 24
575 2218 744 2274 Novembris
761 2218 895 2289 magistro
908 2218 1053 2290 Gescoync
1065 2223 1098 2273 vt
1113 2217 1240 2274 studium
1259 2223 1291 2273 12
1307 2235 1445 2273 senonim
1462 2219 1491 2272 in

407 2308 467 2363 iure
479 2309 555 2364 civili
571 2315 721 2379 postquam
738 2308 840 2362 rexerit
853 2308 883 2361 iu
900 2306 1009 2363 artibus
1025 2307 1147 2362 sufficiet
1162 2306 1236 2361 eisd
1253 2307 1444 2378 incipiendum
1462 2307 1491 2361 in

407 2395 503 2451 eodem
522 2399 582 2452 iure
600 2397 642 2452 ite
659 2402 692 2452 vt
709 2398 769 2452 eius
786 2396 921 2452 admissio
938 2402 996 2452 stet
1013 2413 1064 2468 pro
1082 2396 1229 2466 completis
1247 2397 1335 2466 gradu
1355 2399 1385 2450 et
1403 2396 1492 2450 forma

407 2485 569 2539 doctoratus
587 2503 620 2539 ee
639 2489 733 2540 tamon
754 2485 917 2540 condicione
938 2488 970 2538 vt
993 2484 1161 2555 respondeat
1179 2485 1289 2556 publice
1311 2485 1340 2539 in
1359 2485 1493 2556 vesperiis

212 2578 234 2637 f,
252 2579 324 2638 581)
407 2573 597 2645 proximorum
613 2575 790 2628 comitiorum
802 2579 832 2630 et
843 2574 971 2646 disputet
982 2574 1012 2628 in
1029 2573 1074 2628 die
1090 2573 1267 2629 comitiorum
1284 2579 1313 2628 et
1328 2574 1492 2629 convivetur

408 2662 487 2714 iuxta
504 2677 610 2715 morem
628 2659 769 2715 academie
790 2659 844 2716 sub
867 2677 940 2732 pena
960 2658 993 2714 x¹¹
1014 2658 1207 2730 ponendarum
1228 2660 1258 2714 in
1279 2659 1410 2714 menibus
1430 2677 1491 2731 pro-

407 2753 568 2804 curatorum
586 2753 652 2804 ante
669 2750 730 2805 eius
747 2749 945 2804 admissionem

336 2836 506 2892 Conceditur
517 2835 613 2890 eodem
627 2837 761 2906 magistro
774 2837 884 2907 Drurye
900 2840 932 2890 vt
944 2834 1070 2890 studium
1083 2851 1131 2889 sex
1144 2850 1281 2889 annorum
1294 2834 1325 2889 in
1337 2835 1397 2889 iure
1413 2836 1491 2890 ciuili

407 2928 473 2995 post
484 2923 601 2995 madum
614 2923 845 2979 becbelemeatus
858 2924 887 2977 in
900 2923 996 2978 eodem
1013 2927 1174 2994 sriscepturn
1187 2938 1251 2976 cum
1268 2923 1493 2993 oppositionibus

407 3010 635 3083 responsionibus
646 3017 676 3066 et
691 3011 755 3066 eliis
771 3011 911 3067 exercitiis
928 3028 978 3082 per
993 3011 1069 3081 regie
1086 3013 1196 3066 statute
1211 3009 1356 3080 requisitis
1372 3011 1493 3066 sufficiat

406 3099 431 3153 ei
444 3097 481 3154 ad
493 3098 683 3170 incipiendum
696 3099 726 3154 in
739 3097 836 3154 eodem
849 3099 909 3154 iure

336 3187 505 3243 Conceditur
522 3191 555 3242 lt
576 3187 737 3242 Decembris
749 3187 883 3258 magistro
900 3185 989 3258 Gvyn
1006 3191 1039 3240 vt
1054 3186 1181 3242 studium
1198 3189 1370 3240 Sannorum
1386 3186 1416 3241 in
1433 3188 1493 3242 iure

406 3275 482 3330 civili
494 3277 644 3348 postquem
662 3277 764 3331 rexerit
776 3277 806 3332 in
822 3275 932 3331 artibus
944 3293 1008 3330 cum
1026 3275 1250 3347 oppositionibus
1264 3275 1492 3346 responsionibus

407 3366 436 3419 et
447 3363 511 3418 eliis
523 3364 662 3419 exercitiis
673 3382 723 3435 per
735 3365 810 3434 regie
821 3368 932 3419 stetuta
943 3364 1086 3434 requisitis
1098 3363 1273 3436 perficiendis
1287 3369 1354 3418 ente
1366 3365 1492 3435 proxime

407 3451 523 3506 comitio
546 3450 599 3506 sub
618 3469 691 3523 pena
712 3450 756 3522 vj¹¹
775 3450 966 3523 ponenderum
992 3451 1022 3504 in
1043 3451 1175 3507 menibus
1193 3455 1405 3522 procuratorum
1426 3457 1493 3508 unte

407 3539 469 3594 eius
479 3539 679 3595 admissionem
689 3540 810 3595 sufficiat
822 3541 847 3594 ei
860 3539 895 3594 ed
906 3539 1097 3610 incipiendum
1110 3541 1139 3594 in
1149 3539 1246 3594 eodem
1258 3540 1318 3594 iure
1384 3540 1493 3614 Peregit

407 3646 502 3684 omnia

1679 267 1686 408 ι
