3376 5108
342 357 405 420 112
778 372 892 423 nasos
914 373 1007 422 soon
1030 373 1053 421 a
1332 355 1498 441 [1555-56

342 529 416 585 Item
434 528 598 586 conceditur
613 529 729 585 domino
747 530 845 601 Fugell
861 534 894 585 vt
911 548 959 586 sex
978 531 1092 587 termini
1110 531 1140 585 in
1156 529 1261 602 quibus
1277 530 1410 586 lectiones
1427 530 1499 586 ordi·

412 619 506 675 nerias
518 619 630 675 audiuit
641 620 708 676 lieet
720 638 776 675 non
788 620 905 675 omnino
917 619 1071 676 seeundum
1084 621 1204 676 formam
1216 621 1318 676 statuti
1331 637 1395 676 oum
1408 619 1500 676 tribus

412 706 640 778 responsionibus
652 707 795 763 sufficient
807 706 833 763 ei
846 708 881 763 ed
894 707 1086 780 incipiendum
1099 709 1128 763 in
1140 707 1250 764 artibus

342 796 417 851 Item
435 793 597 850 coneeditur
614 795 729 850 domino
744 795 867 868 desoppo
880 799 913 852 vt
928 813 976 851 sex
995 796 1109 851 termini
1126 800 1190 868 post
1208 795 1321 850 finalem
1336 795 1397 850 eius
1408 793 1498 850 deter-

413 883 598 938 minaoionem
615 883 763 955 inquibus
779 884 913 940 lectiones
930 883 1086 939 ordinarias
1102 883 1214 939 audiuit
1230 883 1295 938 lieet
1312 900 1367 937 non
1384 883 1499 938 omnino

411 970 566 1028 seeundum
582 971 701 1027 formam
718 972 821 1028 statuti
838 990 902 1028 oum
921 972 1014 1028 tribus
1029 971 1258 1044 responsionibus
1272 972 1413 1028 sufficient
1424 972 1450 1027 ei
1462 970 1499 1027 ed

412 1059 603 1132 incipiendum
616 1061 645 1115 in
658 1060 768 1116 artibus

342 1149 448 1204 Eadem
468 1149 559 1220 gratio
580 1146 616 1203 de
634 1147 719 1204 verbo
740 1149 769 1204 in
790 1149 906 1205 verbum
927 1147 1089 1204 comeditur
1108 1147 1230 1204 dominis
1249 1147 1344 1204 Fuller
1362 1148 1451 1220 Berye
1470 1151 1499 1203 et

413 1237 571 1293 Mullus-ster

342 1326 416 1382 Item
436 1325 599 1382 conceditur
618 1326 725 1383 Thome
746 1327 873 1382 Rolande
892 1331 923 1382 vt
943 1330 960 1382 9
979 1326 1095 1383 termini
1114 1330 1180 1398 post
1198 1326 1310 1382 finalem
1329 1325 1390 1380 eius
1408 1325 1498 1380 deter-

411 1415 596 1470 minationem
612 1415 641 1470 in
659 1414 763 1487 quibus
779 1415 914 1470 lectiones
930 1414 1086 1470 ordinarias
1103 1414 1215 1470 audiuit
1230 1414 1295 1469 lieet
1311 1431 1367 1468 non
1384 1413 1499 1468 omnino

410 1503 564 1560 seeundum
581 1503 700 1559 formem
717 1503 819 1558 statuti
835 1520 901 1558 oum
917 1502 1010 1558 tribus
1026 1503 1254 1575 responsionibus
1269 1502 1410 1558 sufficiant
1422 1501 1447 1556 ei
1462 1499 1497 1556 ad

411 1590 602 1664 incipiendum
614 1591 645 1647 in
656 1591 767 1646 artibus

340 1679 446 1735 Eedem
464 1679 555 1751 gratia
572 1679 608 1736 de
624 1678 709 1736 verbo
726 1679 756 1734 in
774 1678 890 1735 verbum
907 1678 1069 1734 eonceditur
1086 1678 1209 1734 dominis
1226 1677 1355 1734 Johnson
1367 1678 1495 1752 Woorley

413 1768 533 1824 Randall

342 1859 417 1913 Item
432 1857 596 1913 oonoeditur
610 1857 725 1913 domino
738 1857 839 1912 Oowell
853 1862 884 1912 vt
896 1875 997 1912 novem
1009 1857 1123 1912 termini
1135 1862 1200 1929 post
1212 1857 1322 1913 finalem
1335 1857 1396 1912 eius
1408 1855 1497 1912 deter-

412 1945 595 2002 minationem
612 1946 643 2001 in
659 1944 764 2016 quibus
779 1945 914 2002 lectiones
931 1945 1086 2002 ordinaries
1102 1946 1213 2001 audiuit
1229 1946 1295 2002 lieet
1311 1963 1367 2001 non
1384 1946 1498 2002 omnino

411 2033 566 2090 seeundum
584 2034 703 2090 sormam
721 2035 824 2089 statuti
841 2052 906 2090 cum
923 2035 1014 2092 tribus
1031 2035 1259 2108 responsionibus
1271 2035 1412 2091 sufficient
1424 2035 1449 2091 ei
1462 2033 1497 2092 ed

412 2122 603 2194 incipiendum
615 2124 645 2178 in
658 2122 768 2179 artibus

341 2211 406 2268 ina
424 2230 488 2268 eum
509 2212 572 2268 istis
591 2213 756 2284 inseperunt
775 2212 810 2269 de
829 2213 944 2284 collegio
965 2214 1059 2285 Regali
1078 2213 1182 2285 quibus
1200 2213 1278 2269 nulla
1294 2229 1424 2268 consessa
1442 2211 1498 2266 fuit

411 2300 584 2371 dispensatio
601 2299 709 2357 domini
728 2302 871 2374 Fyzwater
888 2303 991 2374 Scrope
1010 2302 1086 2373 King
1103 2307 1133 2357 et
1152 2302 1259 2374 Malym

341 2387 416 2443 Item
432 2387 595 2444 coneeditur
611 2389 747 2462 incepton'
761 2389 900 2446 Gardinsr
911 2391 997 2445 variis
1008 2393 1038 2446 et
1050 2389 1214 2461 vigentibus
1225 2389 1346 2460 negociis
1361 2389 1496 2443 Reveren-

411 2477 521 2533 dissimi
537 2479 627 2550 patris
645 2479 832 2534 Norwieencis
849 2480 970 2551 episeopi
986 2479 1094 2534 domini
1110 2480 1155 2534 sui
1171 2477 1315 2551 preponito
1332 2495 1388 2548 quo
1404 2477 1498 2532 minus

411 2564 508 2621 edesse
523 2567 617 2637 potnit
632 2567 662 2622 in
674 2568 827 2623 commitiis
841 2569 967 2639 proxime
980 2567 1083 2639 elapsis
1098 2567 1137 2622 sit
1155 2572 1184 2622 et
1199 2565 1338 2622 habeatur
1353 2565 1382 2620 in
1399 2563 1496 2620 eodem

411 2654 471 2710 looo
483 2659 512 2709 et
524 2655 688 2726 senioritate
699 2656 803 2728 quibus
814 2657 978 2729 designatus
990 2660 1034 2713 est
1046 2675 1063 2712 a
1074 2656 1197 2712 dominis
1208 2653 1435 2728 procuratoribus

440 2973 608 3042 Numerus
630 2977 830 3064 Regentium
853 2979 889 3044 in
912 2979 1038 3045 artibus
1060 2979 1154 3044 iuxte
1175 2976 1399 3044 senioritetem

503 3164 617 3238 ¹hskyn
844 3169 947 3241 Scrope
1147 3171 1253 3226 Paohet

516 3253 639 3327 Jesoppe
844 3257 943 3313 Foster
1146 3259 1241 3315 Fuller

517 3343 626 3416 Spytbe
844 3346 974 3419 Woorley
1146 3349 1234 3421 Bmye

518 3433 620 3490 Gurtes
846 3436 966 3509 Hertlay
1147 3437 1306 3494 Mulkaster

518 3521 662 3594 Fyaweter
845 3523 964 3580 Watson
1147 3525 1297 3581 Armested

519 3609 703 3682 Iongwortha
846 3613 947 3668 Barret
1149 3613 1246 3669 Malim

519 3699 653 3755 Pbithian
846 3701 971 3756 Rolande
1146 3703 1265 3759 Randell

518 3787 621 3844 conell
843 3788 972 3845 Johnson
1146 3791 1243 3863 Fugell

518 3875 654 3951 Abythell
845 3878 946 3951 Kynga
1147 3879 1291 3937 Burdmen

351 4051 361 4084 ¹
379 4051 463 4104 These
474 4067 565 4104 names
575 4067 619 4104 are
630 4053 756 4115 arranged
767 4051 795 4104 in
808 4069 857 4104 one
869 4053 975 4104 oolnmn
987 4053 1064 4118 along
1075 4053 1121 4106 the
1132 4053 1231 4105 bottom
1242 4053 1305 4119 edge
1317 4056 1346 4106 oi
1356 4055 1400 4107 the
1412 4071 1484 4121 pege.
