3344 5110
151 364 318 450 1545-46]
600 381 714 430 onnon
736 382 831 430 noos
853 382 876 429 Δ
1267 371 1317 432 35.

221 534 246 588 si
262 535 410 605 exigantur
426 535 585 592 suffioiatei
601 534 638 590 ad
653 535 850 607 opponendum
866 535 897 590 in
909 533 1048 605 theologia
1060 539 1090 590 et
1103 533 1268 590 intrandum
1280 536 1310 590 in

166 657 168 666 .
221 620 308 676 libros
323 622 529 678 sententiarum
570 622 611 676 sio
622 623 698 693 quod
711 621 882 678 admittatur
893 626 953 676 tam
965 620 1001 675 ad
1013 621 1211 692 opponendum
1223 639 1309 692 quam

222 708 386 765 intrandum
406 708 444 764 ad
464 709 601 781 placitum
622 714 652 766 et
673 715 706 764 vt
725 711 787 766 eius
811 709 945 764 admissio
965 714 1024 764 stet
1044 710 1070 764 ei
1091 727 1143 780 pro
1162 710 1310 781 eompletis

221 797 310 868 gr·adu
333 803 363 852 et
386 799 477 852 forma
500 797 748 853 baoehnleureatns
768 798 798 852 in
824 796 962 867 theologia
1009 802 1039 854 et
1062 796 1138 868 quod
1162 803 1227 868 poet
1250 797 1310 852 eius

221 883 421 939 admissionem
438 882 605 955 respondeat
623 884 697 939 inira
712 889 771 939 tres
788 901 898 938 menses
915 882 969 938 sub
984 901 1058 954 pene
1073 883 1212 940 cautionis
1228 883 1310 938 realis

224 976 347 1041 quatuor
364 988 520 1027 marearum
540 969 704 1043 deponenda
720 973 750 1026 in
772 969 905 1026 manibus
925 975 1138 1042 procuratorum
1156 976 1309 1042 antequam

223 1057 394 1113 admittatur

149 1145 226 1200 item
244 1145 406 1200 conceditur
422 1144 512 1201 eidem
529 1149 561 1200 vt
578 1145 722 1217 responsio
741 1145 896 1219 theologica
910 1146 947 1201 ad
965 1163 1051 1218 quam
1069 1151 1183 1201 tenetur
1201 1147 1310 1202 ratione

221 1233 324 1302 gradus
344 1232 592 1288 bacchalaureatus
613 1233 643 1288 in
665 1233 804 1304 theologia
824 1233 929 1290 differri
951 1235 1041 1306 possit
1088 1235 1129 1290 sio
1153 1235 1229 1306 quod
1249 1253 1309 1307 per·

222 1322 333 1376 fioiatur
350 1321 422 1376 oitra
438 1322 544 1377 festum
563 1320 690 1376 Bernaba
708 1323 867 1393 proximum
885 1323 991 1394 absque
1009 1323 1133 1379 vlteriori
1151 1323 1286 1380 diletione

150 1413 227 1467 Item
238 1411 418 1482 dispensatur
430 1429 494 1466 eum
507 1410 605 1466 eodem
618 1419 668 1482 p'ro
680 1412 860 1482 responsione
869 1429 921 1467 sua
933 1412 968 1467 ad
980 1430 1066 1483 quam
1078 1417 1192 1468 tenetur
1203 1413 1310 1469 ratione

221 1499 325 1571 gradus
348 1500 472 1572 suseepti
494 1499 628 1571 quoniam
650 1500 710 1571 ipse
734 1507 800 1555 ante
824 1501 969 1556 commitis
989 1509 1104 1573 propter
1124 1501 1238 1573 negocia
1258 1519 1311 1557 sua

222 1587 357 1642 interesse
367 1605 422 1641 non
433 1591 525 1658 potmt
560 1587 601 1642 sie
612 1586 688 1659 quod
700 1588 880 1643 concionatur
891 1593 1014 1658 quatuor
1025 1607 1167 1644 sermones
1179 1589 1215 1644 ad
1222 1607 1309 1661 popu-

225 1674 284 1728 lum
296 1679 362 1729 ante
374 1675 478 1730 festum
492 1673 638 1729 Michaelis
650 1679 680 1729 et
691 1674 783 1730 solvat
796 1674 973 1729 uniuersitati
986 1674 1094 1746 miijs
1106 1676 1173 1749 iiijd

151 1763 229 1818 Item
244 1762 408 1818 oonoeditur
422 1763 529 1818 Thome
547 1763 641 1818 Moore
658 1771 690 1818 vt
705 1763 832 1818 studium
851 1768 884 1818 10
900 1781 1038 1819 annorum
1056 1765 1087 1820 in
1103 1765 1242 1837 theologia
1258 1765 1311 1820 hae

224 1850 254 1904 in
284 1851 467 1907 vniuereitate
494 1853 524 1905 et
552 1850 668 1906 Oroniia
692 1869 747 1906 vna
775 1868 839 1905 oum
863 1849 974 1906 duobus
997 1852 1173 1908 sermonibus
1196 1870 1252 1908 vno
1274 1852 1310 1907 ad

224 1935 329 1992 olemm
345 1937 434 1993 altem
445 1938 482 1993 ad
498 1956 609 2014 eruoem
627 1939 706 1994 Pauli
721 1945 751 1993 et
766 1956 830 1993 oum
842 1956 899 1994 vna
910 1941 1088 2011 responsione
1099 1957 1174 1995 anno
1185 1941 1312 2012 proximo

225 2023 296 2078 eitra
317 2024 440 2080 natalem
461 2025 575 2081 Domini
594 2025 648 2081 sub
672 2043 745 2098 pena
768 2026 908 2081 cautionis
933 2027 1015 2082 realia
1036 2027 1074 2082 xl·
1095 2025 1258 2100 deponendo
1281 2029 1311 2082 in

226 2111 356 2167 manibus
369 2119 581 2184 procuratonmr
598 2119 750 2185 antequam
766 2114 937 2169 admittetur
949 2115 1070 2170 sufficiat
1081 2117 1106 2170 ei
1123 2116 1159 2172 ad
1171 2134 1311 2188 opponen-

225 2199 293 2256 dum
312 2206 342 2256 et
361 2201 525 2258 intrandum
544 2203 574 2258 in
594 2202 734 2274 theologie
769 2203 811 2257 ita
827 2204 902 2273 quod
921 2204 1011 2274 possit
1029 2203 1143 2260 admitti
1159 2209 1189 2260 et
1206 2205 1312 2260 intrare

225 2289 296 2344 citra
308 2291 454 2345 oommioia
466 2291 593 2361 proxima

153 2378 231 2433 Item
242 2377 405 2434 oonoeditur
421 2380 555 2449 magistro
568 2379 665 2450 Yonge
677 2385 709 2434 vt
721 2379 848 2434 studium
862 2383 878 2437 7
891 2397 1030 2436 annorum
1041 2382 1071 2435 in
1084 2380 1223 2452 theologia
1235 2385 1311 2452 post-

225 2482 311 2536 quam
324 2466 427 2520 rexerit
437 2466 467 2521 in
479 2465 588 2522 artibus
600 2483 664 2521 cunr
679 2465 789 2522 duobus
803 2466 980 2523 sermonibus
992 2485 1046 2523 vno
1058 2467 1094 2522 ad
1106 2467 1212 2523 olerum
1223 2467 1312 2524 altero

226 2552 262 2607 ad
283 2570 393 2608 erucem
412 2553 493 2610 Pauli
513 2559 543 2609 et
563 2571 628 2609 oum
647 2572 702 2609 vna
723 2556 902 2627 responsione
925 2557 997 2611 citra
1016 2556 1163 2611 oommioia
1185 2556 1313 2626 proxima

227 2641 348 2696 sufficiat
368 2641 394 2696 ei
415 2641 452 2696 ad
475 2633 672 2714 opponendum
696 2647 726 2697 et
749 2642 913 2698 intrandum
938 2644 967 2698 in
992 2643 1130 2714 theologia
1172 2643 1213 2698 sie
1236 2643 1312 2714 quod

225 2729 315 2801 possit
331 2730 445 2786 admitti
461 2736 520 2785 tam
534 2730 570 2786 ad
586 2733 783 2803 opponendum
800 2749 886 2803 quam
903 2732 1067 2788 intrandum
1082 2734 1154 2789 citra
1165 2733 1313 2788 oommioia

154 2813 230 2868 Item
246 2812 408 2868 coneeditur
424 2813 515 2868 eidem
532 2819 565 2868 vt
582 2813 738 2886 disputatio
756 2816 911 2886 theologica
929 2814 1059 2871 habenda
1076 2816 1150 2871 inter
1167 2815 1310 2871 doctorem

227 2900 301 2973 Glyn
321 2903 350 2955 et
368 2900 463 2971 ipsum
483 2899 529 2956 die
546 2903 756 2957 oommiciorum
778 2906 836 2957 stet
856 2903 881 2957 ei
901 2920 951 2972 pro
970 2903 1148 2974 responsione
1169 2903 1205 2958 ad
1226 2921 1312 2976 quam

227 2989 340 3040 tenetur
357 2985 465 3040 ratione
482 2985 585 3056 gradus
603 2988 646 3042 sui
665 3004 721 3042 non
740 2987 871 3042 obstante
889 2991 999 3042 statuto
1115 3021 1120 3032 ·

155 3076 232 3130 Item
245 3073 407 3129 oonoeditur
423 3074 557 3145 magistro
571 3075 668 3130 Horne
679 3081 711 3130 vt
723 3074 850 3130 studium
863 3078 881 3128 6
893 3091 1029 3130 annorum
1043 3075 1072 3130 in
1087 3075 1225 3147 theologia
1236 3080 1312 3148 post·

227 3181 314 3235 quam
326 3164 428 3219 rexerit
440 3165 470 3218 in
481 3163 590 3220 artibus
607 3182 672 3220 oum
684 3163 794 3219 duobus
806 3162 982 3219 sermonibus
993 3182 1048 3220 vno
1058 3164 1095 3219 ad
1108 3165 1212 3220 olerum
1224 3165 1313 3220 altero

227 3253 264 3308 ad
280 3271 390 3308 eruoem
407 3253 487 3308 Pauli
504 3259 533 3308 et
549 3271 613 3308 oum
627 3271 682 3308 vna
697 3253 876 3324 responsione
892 3270 966 3308 anno
982 3254 1108 3324 proximo
1122 3258 1189 3307 ante
1206 3253 1313 3308 Pasoha

227 3340 281 3397 sub
302 3359 374 3413 pena
393 3343 533 3398 cautionis
553 3343 635 3398 realis
657 3342 695 3397 xl·
712 3341 877 3413 deponendo
898 3342 927 3396 in
949 3340 1079 3396 manibus
1100 3349 1313 3413 procuratorum

228 3431 391 3502 priusquam
409 3430 580 3487 admittatur
596 3431 718 3487 sufficiat
734 3431 759 3485 ei
776 3431 813 3486 ad
828 3429 993 3485 intrandum
1011 3431 1040 3484 in
1059 3429 1145 3485 libros
1160 3431 1313 3485 sententia·

227 3535 291 3573 rum
333 3519 375 3574 ita
390 3518 464 3590 quod
482 3518 571 3590 possit
587 3517 701 3573 admitti
716 3523 745 3572 et
761 3518 867 3572 intrare
881 3515 916 3570 ed
933 3516 1069 3587 placitum
1082 3517 1153 3572 eitra
1168 3519 1314 3573 oommioia

226 3623 354 3677 proxima

155 3696 232 3750 Item
244 3693 407 3750 oonoeditur
422 3693 556 3765 magistro
568 3691 699 3764 Hegeson
712 3691 896 3746 illustrissimi
910 3690 991 3745 ducis
1003 3689 1163 3748 Norlolohie
1175 3693 1313 3748 saeellano

228 3787 261 3836 vt
276 3781 404 3836 studium
419 3787 528 3853 septem
544 3797 682 3835 annorum
701 3779 731 3834 in
747 3796 827 3834 saera
844 3779 982 3850 theologia
998 3783 1148 3851 postquam
1165 3782 1268 3836 rexerit
1283 3781 1314 3836 in

228 3867 338 3924 artibus
361 3886 426 3923 oum
449 3867 560 3924 duobus
584 3867 759 3923 sermonibus
780 3884 836 3921 vno
856 3866 893 3921 ad
905 3856 1018 3922 ¹olerum
1039 3867 1127 3922 altem
1147 3867 1182 3922 sd
1204 3885 1314 3923 orueom

229 3953 309 4008 Pauli
330 3959 360 4007 et
383 3970 447 4008 cum
467 3953 549 4007 vnioa
569 3951 747 4024 responsione
768 3950 895 4022 proximo
919 3968 993 4006 anno
1018 3950 1146 4006 habenda
1165 3950 1220 4006 sub
1242 3969 1315 4024 pena

230 4040 267 4095 xl·
287 4039 417 4112 ponende
434 4040 464 4094 in
483 4038 614 4094 manibus
631 4042 844 4110 procuratorum
866 4037 987 4093 sufficiat
1005 4039 1030 4093 ei
1048 4038 1084 4092 ad
1102 4039 1266 4094 intrandum
1285 4040 1314 4094 in

228 4127 316 4184 libros
339 4128 546 4183 sententiarum
581 4127 622 4182 aie
646 4125 721 4198 quod
739 4125 911 4181 admittatur
934 4125 969 4180 sd
993 4125 1130 4196 placitum
1151 4130 1218 4181 ante
1241 4144 1315 4181 eom-

228 4217 313 4273 micia
323 4217 451 4291 proxima

158 4303 235 4359 Item
253 4303 416 4358 oonoeditur
434 4303 570 4374 magistro
589 4300 726 4356 BIunston
746 4307 778 4356 vt
794 4303 810 4358 7
829 4318 966 4357 annorum
985 4301 1111 4357 studium
1130 4302 1159 4356 in
1176 4302 1315 4375 theologia

165 4455 169 4462 ,
228 4395 381 4464 postquam
397 4392 500 4448 rexerit
516 4391 547 4447 in
562 4391 671 4448 artibus
690 4408 754 4446 oum
771 4389 881 4446 duobus
897 4389 1073 4447 sermonibus
1087 4407 1143 4446 vno
1159 4390 1194 4446 ad
1210 4391 1315 4448 olerum

1154 4506 1234 4566 3-2
