3394 5114
213 364 378 450 1568-69]
640 383 753 432 11111
775 385 869 434 soon
891 386 914 433 a
1304 367 1366 433 219

283 537 402 608 Bradley
416 538 534 592 Ricardo
547 539 690 610 sylvester
702 539 839 594 Nicholao
852 539 976 594 Monnke
986 538 1126 594 Willelmo
1139 537 1226 594 Hillis
1236 538 1367 595 ...Bacon

284 626 365 680 Edm.
383 627 499 682 Enewes
519 627 589 682 Rob.
607 628 727 683 Donnell
746 628 814 683 Tho.
833 627 933 682 Nevell
949 627 992 682 Jo.
1012 625 1130 682 Cawber
1146 627 1235 684 Paulo
1253 626 1368 681 Salmon

283 718 313 768 et
336 731 401 768 cum
427 719 458 769 11
479 716 608 770 terminis
627 715 695 770 Rob.
719 715 829 787 Corney
847 715 975 770 Dionisio
993 715 1120 786 Mayowe
1139 715 1252 771 Humfr.
1272 714 1368 769 Carte-

283 803 393 873 wryght
416 803 459 858 Jo.
483 804 581 874 Mayer
605 804 693 860 Anth.
719 805 833 860 Dobsou
858 805 965 860 Jacobc
989 804 1050 859 Hill
1074 806 1118 860 Jo.
1141 805 1267 859 Fawcett
1290 804 1366 874 Step.

284 890 387 961 Persay
406 891 467 945 Elio
486 891 653 945 Newcomen
675 892 745 946 Hen.
765 891 875 962 Raghet
892 891 981 946 Anth.
1000 891 1113 962 Wright
1132 891 1205 946 Hen.
1226 891 1368 945 Hiokman

285 979 404 1034 Ricardo
421 980 510 1034 Swale
528 980 603 1034 Edw.
624 980 815 1052 Howstwayte
832 981 900 1035 Tho.
918 981 1026 1052 ‘Sowter
1062 986 1172 1035 etcum
1191 985 1220 1034 11
1239 979 1369 1034 terminis

284 1085 348 1122 cum
367 1069 488 1123 termino
506 1069 535 1122 in
552 1087 608 1139 quo
622 1069 697 1127 Edw.
710 1069 924 1141 Frothyngham
937 1069 1032 1125 Godir.
1047 1066 1194 1124 Fuliambe
1206 1067 1282 1138 Step.
1296 1067 1368 1122 Nor-

283 1159 333 1209 ton
370 1159 399 1210 11
417 1173 481 1210 cum
502 1160 535 1210 12
553 1158 683 1212 terminis
701 1158 774 1212 Hen.
793 1157 873 1213 Goad
889 1159 930 1212 sic
948 1162 979 1213 vt
997 1159 1174 1213 examinetur
1189 1161 1218 1210 11
1233 1154 1368 1227 probetur

282 1259 333 1313 per
344 1243 550 1298 examinatores
562 1245 647 1300 huius
660 1246 726 1299 anni

212 1329 383 1384 Conceditur
396 1333 429 1383 18
442 1328 588 1384 Februarii
601 1330 720 1385 Ricardo
734 1331 822 1386 Jones
838 1337 870 1385 vt
886 1336 919 1385 12
936 1331 1051 1387 termini
1068 1331 1097 1385 in
1114 1330 1218 1402 quibus
1233 1329 1367 1385 lectiones
1380 1321 1400 1382 f.
1417 1321 1455 1381 95
1470 1321 1490 1380 b

282 1421 327 1470 etc
339 1433 404 1469 cum
416 1416 643 1486 oppositionibus
655 1421 700 1472 etc
712 1418 855 1472 sufficiant
867 1419 892 1472 ei
905 1418 941 1473 ad
954 1417 1179 1489 respondendum
1192 1417 1335 1488 questioni

213 1503 319 1558 Eadem
335 1503 427 1572 gratia
443 1503 605 1558 conceditur
621 1503 718 1558 eodem
736 1505 855 1559 Ricardo
874 1506 977 1576 Taylor
994 1511 1023 1561 et
1040 1523 1105 1560 cum
1124 1505 1246 1560 termino
1264 1505 1292 1558 in
1312 1521 1368 1574 quo

282 1591 326 1646 Jo.
340 1590 436 1645 Collen
448 1596 477 1644 11
489 1609 554 1645 oum
568 1595 599 1645 11
613 1593 743 1646 terminis
756 1593 823 1648 Lan.
839 1593 981 1648 Harreson
995 1594 1137 1648 Willelmo
1154 1593 1259 1648 Arture
1295 1591 1367 1646 Con-

283 1677 393 1732 ceditur
405 1677 502 1732 eodem
516 1677 630 1748 Hugoni
641 1679 754 1733 Bascew
762 1684 795 1734 11
810 1685 841 1734 12
854 1681 969 1735 termini
982 1685 1026 1736 etc
1038 1681 1079 1736 sic
1090 1685 1124 1735 vt
1134 1680 1214 1750 prius
1227 1679 1366 1734 examine-

282 1768 330 1818 tur
346 1770 374 1818 et
390 1763 562 1836 approbetur
578 1783 629 1836 per
643 1767 848 1820 examinatores
864 1767 949 1821 huius
966 1767 1034 1821 anni
1070 1772 1177 1822 etcum
1191 1771 1223 1821 11
1236 1767 1366 1821 terminis

283 1851 355 1906 Hen.
377 1853 517 1922 Jernegan
552 1857 668 1908 etcum
691 1858 722 1907 11
746 1853 876 1908 terminis
897 1871 962 1909 cum
984 1855 1106 1909 termino
1124 1854 1153 1908 in
1172 1870 1229 1924 quo
1247 1852 1366 1907 Ricardo

282 1938 366 2009 Poley

211 2025 284 2081 Cum
296 2025 352 2080 hiis
363 2027 625 2081 determinaverunt
637 2046 670 2082 ex
683 2027 798 2098 collegio
811 2028 897 2098 Regio
908 2027 1012 2098 quibus
1024 2028 1102 2082 nulla
1113 2029 1204 2099 petita
1215 2032 1259 2082 111
1275 2045 1365 2098 neque

281 2131 412 2168 concessa
432 2115 524 2184 gratia
545 2115 580 2169 ab
602 2115 746 2169 academia
768 2115 846 2169 Alex.
870 2111 970 2170 Bound
992 2115 1072 2170 Caro.
1097 2103 1253 2186 Kyrkham¹
1268 2115 1365 2168 Simon

281 2201 390 2255 Boham
403 2201 560 2256 Willelmus
574 2201 690 2256 Henson
703 2202 720 2256 J
723 2221 746 2256 0.
762 2202 959 2256 Browne'ThO.
974 2203 1084 2256 Wattes
1096 2205 1126 2255 ct
1139 2201 1207 2256 Rob.
1222 2202 1366 2272 Dunnyng

211 2289 382 2344 Conceditur
403 2293 435 2342 21
458 2290 588 2344 ianuarii
610 2295 642 2345 vt
663 2291 850 2360 questioniste
873 2290 957 2344 huius
978 2291 1045 2344 anni
1068 2291 1179 2360 possint
1200 2288 1366 2360 respondere

281 2379 422 2448 questioni
435 2384 499 2448 post
514 2379 617 2433 festum
630 2378 834 2451 purificationis
847 2378 929 2433 beate
942 2378 1099 2432 Marianon
1112 2377 1244 2432 obstante
1256 2381 1366 2432 statuto

209 2467 380 2522 Conceditur
392 2466 489 2522 eodem
499 2471 531 2520 vt
543 2468 671 2536 magistri
685 2467 820 2522 Siclemor
832 2472 861 2521 11
871 2466 1010 2521 Chalenor
1022 2466 1081 2520 sint
1089 2469 1185 2520 vestra
1197 2465 1365 2519 auctoritate

280 2555 387 2610 iudices
407 2562 437 2610 11
457 2556 663 2611 examinatores
684 2557 938 2627 questionistarum
960 2556 1046 2611 huius
1067 2556 1134 2610 anni
1156 2556 1197 2609 sic
1218 2559 1251 2610 11
1271 2571 1365 2609 coram

280 2649 381 2699 senatu
393 2643 527 2699 iuditium
540 2649 569 2699 et
581 2646 753 2699 sententiam
769 2663 851 2699 suam
863 2646 898 2700 de
910 2645 1017 2700 eisdem
1031 2645 1155 2699 referant
1169 2644 1199 2698 in
1217 2643 1275 2697 vim
1292 2644 1364 2697 iura-

280 2733 369 2786 menti
382 2733 427 2787 sui
439 2732 618 2787 vniuersitati
631 2735 688 2787 iam
701 2732 769 2787 olim
782 2733 895 2803 prestiti

211 2820 294 2875 Mem.
308 2820 383 2890 quod
396 2822 459 2875 Leo.
475 2821 605 2876 Metcalfe
617 2827 647 2876 et
660 2822 729 2876 Tho.
740 2822 879 2892 Feryman
891 2839 956 2875 cum
968 2821 1024 2875 hiis
1036 2838 1092 2874 non
1105 2820 1366 2875 determinaverunt

281 2911 310 2961 et
322 2907 384 2962 ideo
397 2908 592 2962 forisfecerant
604 2909 749 2963 cautiones
761 2927 827 2964 suas
839 2908 970 2964 videlicet
982 2908 1070 2979 xxvjs
1082 2907 1130 2978 viij
1140 2907 1158 2962 d

631 3311 717 3375 Ordo
740 3313 941 3376 senioritatis

209 3511 278 3569 Rob.
292 3512 412 3584 Wryght
435 3511 499 3568 Chr.
627 3513 741 3584 Dnffyid
852 3513 896 3567 Jo.
1047 3513 1152 3584 Swyfte
1259 3513 1317 3570 Cla.

208 3601 306 3656 Nevell
437 3601 511 3656 Pom.
629 3601 795 3656 Newcomen
855 3602 927 3672 Mag.
1049 3603 1157 3674 Mayew
1259 3604 1354 3674 Regin.

210 3687 360 3759 Hyckman
437 3687 479 3743 Jo.
632 3688 739 3758 Phiiips
856 3689 913 3742 Jes.
1051 3690 1179 3760 Kyrkam
1259 3691 1352 3761 Rogat.

209 3776 306 3846 Lewys
437 3775 531 3845 Regin.
630 3774 729 3830 Bound
858 3776 949 3845 Regal.
1049 3777 1229 3848 Skevyngton
1259 3779 1316 3836 Tri.

208 3863 288 3918 Allat
435 3863 515 3918 Clare
628 3864 736 3918 Adams
856 3865 911 3918 Tri
1049 3865 1148 3920 Foster
1257 3866 1301 3922 Jo.

209 3951 360 4021 Atkynson
438 3951 533 4019 Regin.
631 3949 720 4004 Maior
857 3950 900 4007 Jo.
1051 3953 1235 4024 Cartewright
1257 3955 1302 4012 Jo.

209 4038 312 4092 Welles
437 4037 531 4106 Regin.
631 4036 799 4107 Huatwayto
860 4039 934 4092 Pom.
1052 4039 1172 4111 Bradley
1260 4043 1319 4096 Pet.

210 4126 308 4181 Ebden
437 4125 517 4179 Clare
631 4125 699 4179 Tho.
715 4125 819 4180 Nelson
859 4125 938 4180 Clare
1052 4127 1193 4182 Laurence
1259 4129 1317 4184 Pet.

211 4215 295 4285 Polye
437 4215 480 4267 Jo.
630 4214 712 4269 Mart.
728 4214 832 4269 Nelson
857 4214 912 4268 Tri
1052 4215 1152 4286 Collyn
1261 4216 1325 4272 Chr.

210 4299 327 4354 Cawber
438 4301 511 4354 Pam.
631 4299 732 4370 Modye
856 4299 899 4353 Jo.
1050 4301 1129 4356 Dove
1257 4305 1300 4360 Jo.

211 4388 321 4442 Bascew
435 4387 499 4440 Chr.
629 4387 706 4441 Goad
857 4387 953 4456 Regin.
1050 4389 1167 4460 Dowtye
1256 4391 1300 4448 do.
