<?xml version="1.0" encoding="UTF-8"?>
<!DOCTYPE html PUBLIC "-//W3C//DTD XHTML 1.0 Transitional//EN"
    "http://www.w3.org/TR/xhtml1/DTD/xhtml1-transitional.dtd">
<html xmlns="http://www.w3.org/1999/xhtml" xml:lang="en" lang="en">
 <head>
  <title>
</title>
<meta http-equiv="Content-Type" content="text/html;charset=utf-8" />
  <meta name='ocr-system' content='tesseract 3.04.00' />
  <meta name='ocr-capabilities' content='ocr_page ocr_carea ocr_par ocr_line ocrx_word'/>
</head>
<body>
  <div class='ocr_page' id='page_1' title='image "./gracebookgreekl00venngoog_0223.png"; bbox 0 0 3394 5114; ppageno 0'>
   <div class='ocr_carea' id='block_1_1' title="bbox 346 272 1500 362">
    <p class='ocr_par' dir='ltr' id='par_1_1' title="bbox 346 272 1500 362">
     <span class='ocr_line' id='line_1_1' title="bbox 346 272 1500 362; baseline 0.006 -30"><span class='ocrx_word' id='word_1_1' title='bbox 346 272 407 334; x_wconf 90' lang='grc'><strong>190</strong></span> <span class='ocrx_word' id='word_1_2' title='bbox 779 291 893 340; x_wconf 74' lang='lat' dir='ltr'><strong>oenoe</strong></span> <span class='ocrx_word' id='word_1_3' title='bbox 916 291 1009 340; x_wconf 79' lang='lat' dir='ltr'><strong>secu</strong></span> <span class='ocrx_word' id='word_1_4' title='bbox 1033 293 1055 339; x_wconf 81' lang='grc' dir='ltr'>Δ</span> <span class='ocrx_word' id='word_1_5' title='bbox 1334 279 1500 362; x_wconf 81' lang='lat'>[1564-65</span> 
     </span>
    </p>
   </div>
   <div class='ocr_carea' id='block_1_2' title="bbox 219 438 1501 3220">
    <p class='ocr_par' dir='ltr' id='par_1_2' title="bbox 344 438 1501 686">
     <span class='ocr_line' id='line_1_2' title="bbox 344 438 1501 516; baseline 0.007 -24"><span class='ocrx_word' id='word_1_6' title='bbox 344 438 514 495; x_wconf 88' lang='lat' dir='ltr'><strong>Conceditur</strong></span> <span class='ocrx_word' id='word_1_7' title='bbox 526 440 572 510; x_wconf 73' lang='lat' dir='ltr'><strong>ij‘¹⁰</strong></span> <span class='ocrx_word' id='word_1_8' title='bbox 582 441 678 495; x_wconf 86' lang='lat' dir='ltr'><strong>Martii</strong></span> <span class='ocrx_word' id='word_1_9' title='bbox 692 447 724 495; x_wconf 87' lang='lat' dir='ltr'><strong>vt</strong></span> <span class='ocrx_word' id='word_1_10' title='bbox 735 441 796 496; x_wconf 89' lang='lat' dir='ltr'><strong>dies</strong></span> <span class='ocrx_word' id='word_1_11' title='bbox 809 442 887 498; x_wconf 86' lang='lat' dir='ltr'><strong>Lune</strong></span> <span class='ocrx_word' id='word_1_12' title='bbox 899 444 1024 514; x_wconf 83' lang='lat' dir='ltr'>proxime</span> <span class='ocrx_word' id='word_1_13' title='bbox 1036 445 1194 515; x_wconf 89' lang='lat' dir='ltr'><strong>septimane</strong></span> <span class='ocrx_word' id='word_1_14' title='bbox 1201 463 1257 500; x_wconf 92' lang='lat' dir='ltr'><strong>non</strong></span> <span class='ocrx_word' id='word_1_15' title='bbox 1270 446 1309 500; x_wconf 89' lang='lat' dir='ltr'><strong>sit</strong></span> <span class='ocrx_word' id='word_1_16' title='bbox 1320 444 1501 516; x_wconf 86' lang='lat' dir='ltr'><strong>disputabilis</strong></span> 
     </span>
     <span class='ocr_line' id='line_1_3' title="bbox 414 529 1500 605; baseline 0.006 -23"><span class='ocrx_word' id='word_1_17' title='bbox 414 545 470 582; x_wconf 90' lang='lat' dir='ltr'><strong>non</strong></span> <span class='ocrx_word' id='word_1_18' title='bbox 489 529 621 584; x_wconf 87' lang='lat' dir='ltr'><strong>obstante</strong></span> <span class='ocrx_word' id='word_1_19' title='bbox 632 534 742 585; x_wconf 80' lang='lat' dir='ltr'><strong>statuto</strong></span> <span class='ocrx_word' id='word_1_20' title='bbox 754 530 803 586; x_wconf 90' lang='lat' dir='ltr'><strong>sed</strong></span> <span class='ocrx_word' id='word_1_21' title='bbox 816 531 954 587; x_wconf 85' lang='lat' dir='ltr'><strong>habeatur</strong></span> <span class='ocrx_word' id='word_1_22' title='bbox 967 549 1016 603; x_wconf 91' lang='lat' dir='ltr'><strong>pro</strong></span> <span class='ocrx_word' id='word_1_23' title='bbox 1028 533 1194 604; x_wconf 88' lang='lat' dir='ltr'><strong>disputabili</strong></span> <span class='ocrx_word' id='word_1_24' title='bbox 1211 539 1271 589; x_wconf 87' lang='lat' dir='ltr'><strong>tam</strong></span> <span class='ocrx_word' id='word_1_25' title='bbox 1284 533 1319 588; x_wconf 91' lang='lat' dir='ltr'><strong>ad</strong></span> <span class='ocrx_word' id='word_1_26' title='bbox 1333 534 1500 605; x_wconf 75' lang='lat' dir='ltr'><strong>magistrum</strong></span> 
     </span>
     <span class='ocr_line' id='line_1_4' title="bbox 413 616 683 686; baseline 0.004 -15"><span class='ocrx_word' id='word_1_27' title='bbox 413 633 499 686; x_wconf 85' lang='lat' dir='ltr'><strong>quam</strong></span> <span class='ocrx_word' id='word_1_28' title='bbox 511 616 547 671; x_wconf 85' lang='lat' dir='ltr'><strong>ad</strong></span> <span class='ocrx_word' id='word_1_29' title='bbox 561 617 683 672; x_wconf 77' lang='lat' dir='ltr'>bedellos</span> 
     </span>
    </p>

    <p class='ocr_par' dir='ltr' id='par_1_3' title="bbox 343 704 1499 868">
     <span class='ocr_line' id='line_1_5' title="bbox 343 704 1499 780; baseline 0.006 -22"><span class='ocrx_word' id='word_1_30' title='bbox 343 704 514 760; x_wconf 80' lang='lat' dir='ltr'>Conceditur</span> <span class='ocrx_word' id='word_1_31' title='bbox 524 705 621 761; x_wconf 88' lang='lat' dir='ltr'><strong>ecdem</strong></span> <span class='ocrx_word' id='word_1_32' title='bbox 638 713 670 762; x_wconf 89' lang='lat' dir='ltr'><strong>vt</strong></span> <span class='ocrx_word' id='word_1_33' title='bbox 687 708 821 778; x_wconf 83' lang='lat' dir='ltr'><strong>magister</strong></span> <span class='ocrx_word' id='word_1_34' title='bbox 839 708 896 762; x_wconf 87' lang='lat' dir='ltr'><strong>We.</strong></span> <span class='ocrx_word' id='word_1_35' title='bbox 915 708 1023 764; x_wconf 86' lang='lat' dir='ltr'><strong>Master</strong></span> <span class='ocrx_word' id='word_1_36' title='bbox 1039 709 1143 764; x_wconf 85' lang='lat' dir='ltr'><strong>habeat</strong></span> <span class='ocrx_word' id='word_1_37' title='bbox 1159 710 1256 765; x_wconf 75' lang='lat' dir='ltr'><strong>literas</strong></span> <span class='ocrx_word' id='word_1_38' title='bbox 1271 709 1374 780; x_wconf 77' lang='lat' dir='ltr'><strong>gradus</strong></span> <span class='ocrx_word' id='word_1_39' title='bbox 1390 713 1421 764; x_wconf 93' lang='lat' dir='ltr'><strong>et</strong></span> <span class='ocrx_word' id='word_1_40' title='bbox 1435 728 1499 765; x_wconf 90' lang='lat' dir='ltr'><strong>con·</strong></span> 
     </span>
     <span class='ocr_line' id='line_1_6' title="bbox 413 794 1181 868; baseline 0.009 -22"><span class='ocrx_word' id='word_1_41' title='bbox 413 794 580 848; x_wconf 75' lang='lat' dir='ltr'><strong>versationis</strong></span> <span class='ocrx_word' id='word_1_42' title='bbox 591 813 642 850; x_wconf 90' lang='lat' dir='ltr'><strong>suo</strong></span> <span class='ocrx_word' id='word_1_43' title='bbox 654 795 817 866; x_wconf 73' lang='lat' dir='ltr'>obsignatas</span> <span class='ocrx_word' id='word_1_44' title='bbox 829 797 920 868; x_wconf 84' lang='lat' dir='ltr'><strong>sigillo</strong></span> <span class='ocrx_word' id='word_1_45' title='bbox 933 804 1026 854; x_wconf 85' lang='lat' dir='ltr'><strong>vestro</strong></span> <span class='ocrx_word' id='word_1_46' title='bbox 1038 799 1181 854; x_wconf 89' lang='lat' dir='ltr'><strong>communi</strong></span> 
     </span>
    </p>

    <p class='ocr_par' dir='ltr' id='par_1_4' title="bbox 343 879 1500 1111">
     <span class='ocr_line' id='line_1_7' title="bbox 343 879 1500 955; baseline 0.003 -21"><span class='ocrx_word' id='word_1_47' title='bbox 343 879 514 934; x_wconf 79' lang='lat' dir='ltr'><strong>Conceditur</strong></span> <span class='ocrx_word' id='word_1_48' title='bbox 531 881 627 934; x_wconf 91' lang='lat' dir='ltr'><strong>eodem</strong></span> <span class='ocrx_word' id='word_1_49' title='bbox 646 887 678 936; x_wconf 90' lang='lat' dir='ltr'><strong>vt</strong></span> <span class='ocrx_word' id='word_1_50' title='bbox 696 882 739 936; x_wconf 86' lang='lat' dir='ltr'><strong>Jo.</strong></span> <span class='ocrx_word' id='word_1_51' title='bbox 761 883 900 954; x_wconf 81' lang='lat' dir='ltr'><strong>Ratclyffe</strong></span> <span class='ocrx_word' id='word_1_52' title='bbox 918 884 957 938; x_wconf 88' lang='lat' dir='ltr'><strong>sit</strong></span> <span class='ocrx_word' id='word_1_53' title='bbox 976 901 1048 938; x_wconf 88' lang='lat' dir='ltr'><strong>vnus</strong></span> <span class='ocrx_word' id='word_1_54' title='bbox 1066 885 1291 955; x_wconf 82' lang='lat' dir='ltr'><strong>appreciatonrm</strong></span> <span class='ocrx_word' id='word_1_55' title='bbox 1308 882 1450 938; x_wconf 83' lang='lat' dir='ltr'><strong>academie</strong></span> <span class='ocrx_word' id='word_1_56' title='bbox 1470 887 1500 938; x_wconf 90' lang='lat' dir='ltr'><strong>et</strong></span> 
     </span>
     <span class='ocr_line' id='line_1_8' title="bbox 414 968 1499 1042; baseline 0.003 -20"><span class='ocrx_word' id='word_1_57' title='bbox 414 985 498 1039; x_wconf 89' lang='lat' dir='ltr'><strong>super</strong></span> <span class='ocrx_word' id='word_1_58' title='bbox 515 968 568 1023; x_wconf 89' lang='lat' dir='ltr'><strong>hac</strong></span> <span class='ocrx_word' id='word_1_59' title='bbox 586 975 680 1024; x_wconf 89' lang='lat' dir='ltr'><strong>vestra</strong></span> <span class='ocrx_word' id='word_1_60' title='bbox 696 972 874 1026; x_wconf 88' lang='lat' dir='ltr'><strong>concessione</strong></span> <span class='ocrx_word' id='word_1_61' title='bbox 890 971 987 1026; x_wconf 89' lang='lat' dir='ltr'><strong>literas</strong></span> <span class='ocrx_word' id='word_1_62' title='bbox 1003 971 1107 1027; x_wconf 84' lang='lat' dir='ltr'><strong>hebeat</strong></span> <span class='ocrx_word' id='word_1_63' title='bbox 1121 971 1283 1042; x_wconf 79' lang='lat' dir='ltr'><strong>obsignatas</strong></span> <span class='ocrx_word' id='word_1_64' title='bbox 1299 971 1391 1041; x_wconf 84' lang='lat' dir='ltr'><strong>sigillo</strong></span> <span class='ocrx_word' id='word_1_65' title='bbox 1406 977 1499 1026; x_wconf 89' lang='lat' dir='ltr'><strong>vostro</strong></span> 
     </span>
     <span class='ocr_line' id='line_1_9' title="bbox 414 1073 555 1111; baseline 0.007 -1"><span class='ocrx_word' id='word_1_66' title='bbox 414 1073 555 1111; x_wconf 88' lang='lat' dir='ltr'><strong>commum</strong></span> 
     </span>
    </p>

    <p class='ocr_par' dir='ltr' id='par_1_5' title="bbox 343 1144 1500 1390">
     <span class='ocr_line' id='line_1_10' title="bbox 343 1144 1500 1218; baseline 0.001 -20"><span class='ocrx_word' id='word_1_67' title='bbox 343 1144 513 1200; x_wconf 89' lang='lat' dir='ltr'><strong>Conceditur</strong></span> <span class='ocrx_word' id='word_1_68' title='bbox 531 1149 564 1199; x_wconf 84' lang='grc'><strong>13</strong></span> <span class='ocrx_word' id='word_1_69' title='bbox 580 1146 689 1216; x_wconf 78' lang='lat' dir='ltr'><strong>Aprilis</strong></span> <span class='ocrx_word' id='word_1_70' title='bbox 704 1151 736 1200; x_wconf 89' lang='lat' dir='ltr'><strong>vt</strong></span> <span class='ocrx_word' id='word_1_71' title='bbox 753 1147 888 1218; x_wconf 79' lang='lat' dir='ltr'><strong>magister</strong></span> <span class='ocrx_word' id='word_1_72' title='bbox 902 1147 998 1218; x_wconf 83' lang='lat' dir='ltr'><strong>Bynge</strong></span> <span class='ocrx_word' id='word_1_73' title='bbox 1013 1154 1107 1202; x_wconf 90' lang='lat' dir='ltr'><strong>orator</strong></span> <span class='ocrx_word' id='word_1_74' title='bbox 1122 1146 1226 1202; x_wconf 85' lang='lat' dir='ltr'><strong>habeat</strong></span> <span class='ocrx_word' id='word_1_75' title='bbox 1242 1146 1337 1200; x_wconf 88' lang='lat' dir='ltr'><strong>omnia</strong></span> <span class='ocrx_word' id='word_1_76' title='bbox 1354 1145 1500 1216; x_wconf 80' lang='lat' dir='ltr'><strong>privilegia</strong></span> 
     </span>
     <span class='ocr_line' id='line_1_11' title="bbox 412 1231 1498 1306; baseline 0.002 -20"><span class='ocrx_word' id='word_1_77' title='bbox 412 1231 558 1286; x_wconf 90' lang='lat' dir='ltr'><strong>commoda</strong></span> <span class='ocrx_word' id='word_1_78' title='bbox 577 1237 606 1286; x_wconf 90' lang='lat' dir='ltr'><strong>et</strong></span> <span class='ocrx_word' id='word_1_79' title='bbox 626 1233 815 1287; x_wconf 82' lang='lat' dir='ltr'><strong>emolumenta</strong></span> <span class='ocrx_word' id='word_1_80' title='bbox 834 1238 894 1288; x_wconf 90' lang='lat' dir='ltr'><strong>tam</strong></span> <span class='ocrx_word' id='word_1_81' title='bbox 913 1235 1008 1306; x_wconf 88' lang='lat' dir='ltr'><strong>emplo</strong></span> <span class='ocrx_word' id='word_1_82' title='bbox 1028 1234 1110 1289; x_wconf 92' lang='lat' dir='ltr'><strong>modo</strong></span> <span class='ocrx_word' id='word_1_83' title='bbox 1129 1252 1215 1305; x_wconf 81' lang='lat' dir='ltr'><strong>quem</strong></span> <span class='ocrx_word' id='word_1_84' title='bbox 1232 1234 1383 1304; x_wconf 83' lang='lat' dir='ltr'><strong>quisquam</strong></span> <span class='ocrx_word' id='word_1_85' title='bbox 1401 1251 1498 1288; x_wconf 90' lang='lat' dir='ltr'><strong>eorum</strong></span> 
     </span>
     <span class='ocr_line' id='line_1_12' title="bbox 411 1317 877 1390; baseline 0 -18"><span class='ocrx_word' id='word_1_86' title='bbox 411 1317 461 1388; x_wconf 89' lang='lat' dir='ltr'><strong>qui</strong></span> <span class='ocrx_word' id='word_1_87' title='bbox 475 1319 504 1372; x_wconf 89' lang='lat' dir='ltr'><strong>in</strong></span> <span class='ocrx_word' id='word_1_88' title='bbox 517 1319 569 1372; x_wconf 92' lang='lat' dir='ltr'><strong>hoc</strong></span> <span class='ocrx_word' id='word_1_89' title='bbox 580 1319 670 1372; x_wconf 90' lang='lat' dir='ltr'><strong>officio</strong></span> <span class='ocrx_word' id='word_1_90' title='bbox 682 1324 877 1390; x_wconf 85' lang='lat' dir='ltr'><strong>precesserunt</strong></span> 
     </span>
    </p>

    <p class='ocr_par' dir='ltr' id='par_1_6' title="bbox 342 1405 1498 1565">
     <span class='ocr_line' id='line_1_13' title="bbox 342 1405 1498 1478; baseline 0.002 -18"><span class='ocrx_word' id='word_1_91' title='bbox 342 1406 512 1462; x_wconf 86' lang='lat' dir='ltr'><strong>Conceditur</strong></span> <span class='ocrx_word' id='word_1_92' title='bbox 523 1405 620 1460; x_wconf 88' lang='lat' dir='ltr'><strong>eodem</strong></span> <span class='ocrx_word' id='word_1_93' title='bbox 637 1411 670 1460; x_wconf 94' lang='lat' dir='ltr'><strong>vt</strong></span> <span class='ocrx_word' id='word_1_94' title='bbox 686 1407 820 1477; x_wconf 77' lang='lat' dir='ltr'><strong>magister</strong></span> <span class='ocrx_word' id='word_1_95' title='bbox 838 1407 919 1462; x_wconf 90' lang='lat' dir='ltr'><strong>Edm.</strong></span> <span class='ocrx_word' id='word_1_96' title='bbox 938 1407 1103 1478; x_wconf 85' lang='lat' dir='ltr'><strong>Bevyngton</strong></span> <span class='ocrx_word' id='word_1_97' title='bbox 1121 1407 1224 1462; x_wconf 84' lang='lat' dir='ltr'><strong>hebeat</strong></span> <span class='ocrx_word' id='word_1_98' title='bbox 1239 1407 1335 1462; x_wconf 86' lang='lat' dir='ltr'><strong>literas</strong></span> <span class='ocrx_word' id='word_1_99' title='bbox 1350 1407 1453 1478; x_wconf 81' lang='lat' dir='ltr'><strong>gradus</strong></span> <span class='ocrx_word' id='word_1_100' title='bbox 1469 1411 1498 1462; x_wconf 84' lang='lat' dir='ltr'><strong>et</strong></span> 
     </span>
     <span class='ocr_line' id='line_1_14' title="bbox 412 1492 1125 1565; baseline 0.003 -18"><span class='ocrx_word' id='word_1_101' title='bbox 412 1493 632 1548; x_wconf 84' lang='lat' dir='ltr'><strong>conversationis</strong></span> <span class='ocrx_word' id='word_1_102' title='bbox 643 1511 694 1548; x_wconf 88' lang='lat' dir='ltr'><strong>sue</strong></span> <span class='ocrx_word' id='word_1_103' title='bbox 705 1492 866 1564; x_wconf 82' lang='lat' dir='ltr'><strong>obsignatas</strong></span> <span class='ocrx_word' id='word_1_104' title='bbox 879 1494 970 1565; x_wconf 78' lang='lat' dir='ltr'><strong>sigillo</strong></span> <span class='ocrx_word' id='word_1_105' title='bbox 982 1495 1125 1549; x_wconf 89' lang='lat' dir='ltr'><strong>communi</strong></span> 
     </span>
    </p>

    <p class='ocr_par' dir='ltr' id='par_1_7' title="bbox 342 1579 1498 1898">
     <span class='ocr_line' id='line_1_15' title="bbox 342 1579 1498 1652; baseline 0.001 -18"><span class='ocrx_word' id='word_1_106' title='bbox 342 1579 511 1635; x_wconf 78' lang='lat' dir='ltr'><strong>Conceditur</strong></span> <span class='ocrx_word' id='word_1_107' title='bbox 529 1584 562 1634; x_wconf 80' lang='lat'><strong>12</strong></span> <span class='ocrx_word' id='word_1_108' title='bbox 576 1581 644 1635; x_wconf 85' lang='lat' dir='ltr'><strong>Maii</strong></span> <span class='ocrx_word' id='word_1_109' title='bbox 661 1587 693 1634; x_wconf 86' lang='lat' dir='ltr'><strong>vt</strong></span> <span class='ocrx_word' id='word_1_110' title='bbox 710 1598 807 1635; x_wconf 87' lang='lat' dir='ltr'><strong>omnes</strong></span> <span class='ocrx_word' id='word_1_111' title='bbox 821 1586 903 1636; x_wconf 86' lang='lat' dir='ltr'><strong>ectus</strong></span> <span class='ocrx_word' id='word_1_112' title='bbox 919 1580 1078 1636; x_wconf 75' lang='lat' dir='ltr'><strong>scholastici</strong></span> <span class='ocrx_word' id='word_1_113' title='bbox 1094 1581 1130 1636; x_wconf 84' lang='lat' dir='ltr'><strong>ad</strong></span> <span class='ocrx_word' id='word_1_114' title='bbox 1147 1599 1219 1652; x_wconf 89' lang='lat' dir='ltr'><strong>quos</strong></span> <span class='ocrx_word' id='word_1_115' title='bbox 1236 1585 1349 1636; x_wconf 87' lang='lat' dir='ltr'><strong>tenetur</strong></span> <span class='ocrx_word' id='word_1_116' title='bbox 1364 1581 1498 1652; x_wconf 80' lang='lat' dir='ltr'><strong>magister</strong></span> 
     </span>
     <span class='ocr_line' id='line_1_16' title="bbox 411 1667 1495 1740; baseline 0.001 -17"><span class='ocrx_word' id='word_1_117' title='bbox 411 1667 509 1723; x_wconf 88' lang='lat' dir='ltr'><strong>doctor</strong></span> <span class='ocrx_word' id='word_1_118' title='bbox 525 1668 591 1724; x_wconf 87' lang='lat' dir='ltr'><strong>Colo</strong></span> <span class='ocrx_word' id='word_1_119' title='bbox 608 1669 717 1723; x_wconf 79' lang='lat' dir='ltr'><strong>ratione</strong></span> <span class='ocrx_word' id='word_1_120' title='bbox 733 1669 836 1739; x_wconf 76' lang='lat' dir='ltr'><strong>gradus</strong></span> <span class='ocrx_word' id='word_1_121' title='bbox 850 1671 894 1724; x_wconf 93' lang='lat' dir='ltr'><strong>sui</strong></span> <span class='ocrx_word' id='word_1_122' title='bbox 910 1671 1034 1740; x_wconf 87' lang='lat' dir='ltr'><strong>suscepti</strong></span> <span class='ocrx_word' id='word_1_123' title='bbox 1051 1669 1219 1724; x_wconf 82' lang='lat' dir='ltr'><strong>differantur</strong></span> <span class='ocrx_word' id='word_1_124' title='bbox 1235 1686 1324 1740; x_wconf 87' lang='lat' dir='ltr'><strong>vsque</strong></span> <span class='ocrx_word' id='word_1_125' title='bbox 1340 1669 1378 1724; x_wconf 89' lang='lat' dir='ltr'><strong>ad</strong></span> <span class='ocrx_word' id='word_1_126' title='bbox 1390 1673 1408 1724; x_wconf 84' lang='lat'><strong>3</strong></span> <span class='ocrx_word' id='word_1_127' title='bbox 1419 1668 1495 1724; x_wconf 90' lang='lat' dir='ltr'><strong>diem</strong></span> 
     </span>
     <span class='ocr_line' id='line_1_17' title="bbox 412 1755 1495 1828; baseline 0.001 -19"><span class='ocrx_word' id='word_1_128' title='bbox 412 1755 580 1810; x_wconf 87' lang='lat' dir='ltr'><strong>Novembris</strong></span> <span class='ocrx_word' id='word_1_129' title='bbox 599 1756 717 1826; x_wconf 81' lang='lat' dir='ltr'><strong>proximi</strong></span> <span class='ocrx_word' id='word_1_130' title='bbox 734 1757 775 1810; x_wconf 93' lang='lat' dir='ltr'><strong>sic</strong></span> <span class='ocrx_word' id='word_1_131' title='bbox 791 1761 823 1811; x_wconf 86' lang='lat' dir='ltr'><strong>vt</strong></span> <span class='ocrx_word' id='word_1_132' title='bbox 841 1761 940 1827; x_wconf 79' lang='lat' dir='ltr'><strong>postea</strong></span> <span class='ocrx_word' id='word_1_133' title='bbox 958 1757 1035 1812; x_wconf 87' lang='lat' dir='ltr'><strong>nulla</strong></span> <span class='ocrx_word' id='word_1_134' title='bbox 1051 1757 1225 1828; x_wconf 78' lang='lat' dir='ltr'><strong>dispensatio</strong></span> <span class='ocrx_word' id='word_1_135' title='bbox 1244 1763 1295 1811; x_wconf 85' lang='lat' dir='ltr'><strong>out</strong></span> <span class='ocrx_word' id='word_1_136' title='bbox 1314 1756 1416 1812; x_wconf 88' lang='lat' dir='ltr'><strong>dilacio</strong></span> <span class='ocrx_word' id='word_1_137' title='bbox 1431 1774 1495 1812; x_wconf 87' lang='lat' dir='ltr'><strong>oon-</strong></span> 
     </span>
     <span class='ocr_line' id='line_1_18' title="bbox 412 1843 528 1898; baseline 0 0"><span class='ocrx_word' id='word_1_138' title='bbox 412 1843 528 1898; x_wconf 85' lang='lat' dir='ltr'><strong>cedatur</strong></span> 
     </span>
    </p>

    <p class='ocr_par' dir='ltr' id='par_1_8' title="bbox 219 1927 1497 2179">
     <span class='ocr_line' id='line_1_19' title="bbox 219 1927 1497 2006; baseline 0.002 -21"><span class='ocrx_word' id='word_1_139' title='bbox 219 1927 239 1985; x_wconf 87' lang='lat' dir='ltr'><strong>s.</strong></span> <span class='ocrx_word' id='word_1_140' title='bbox 255 1927 294 1985; x_wconf 82' lang='lat'><strong>83</strong></span> <span class='ocrx_word' id='word_1_141' title='bbox 309 1928 328 1983; x_wconf 92' lang='lat' dir='ltr'>b</span> <span class='ocrx_word' id='word_1_142' title='bbox 343 1931 419 1985; x_wconf 90' lang='lat' dir='ltr'><strong>Petit</strong></span> <span class='ocrx_word' id='word_1_143' title='bbox 434 1949 452 1985; x_wconf 86' lang='lat' dir='ltr'><strong>a</strong></span> <span class='ocrx_word' id='word_1_144' title='bbox 469 1931 570 1986; x_wconf 88' lang='lat' dir='ltr'><strong>vestris</strong></span> <span class='ocrx_word' id='word_1_145' title='bbox 586 1932 752 1987; x_wconf 85' lang='lat' dir='ltr'><strong>reuerentiis</strong></span> <span class='ocrx_word' id='word_1_146' title='bbox 768 1931 936 1987; x_wconf 85' lang='lat' dir='ltr'><strong>venerabilis</strong></span> <span class='ocrx_word' id='word_1_147' title='bbox 955 1933 999 1987; x_wconf 90' lang='lat' dir='ltr'><strong>vir</strong></span> <span class='ocrx_word' id='word_1_148' title='bbox 1015 1933 1149 2006; x_wconf 79' lang='lat' dir='ltr'><strong>magister</strong></span> <span class='ocrx_word' id='word_1_149' title='bbox 1164 1932 1262 1988; x_wconf 89' lang='lat' dir='ltr'><strong>doctor</strong></span> <span class='ocrx_word' id='word_1_150' title='bbox 1279 1933 1364 1988; x_wconf 88' lang='lat' dir='ltr'><strong>Caius</strong></span> <span class='ocrx_word' id='word_1_151' title='bbox 1380 1937 1497 2004; x_wconf 76' lang='lat' dir='ltr'><strong>propior</strong></span> 
     </span>
     <span class='ocr_line' id='line_1_20' title="bbox 413 2019 1496 2090; baseline 0.002 -16"><span class='ocrx_word' id='word_1_152' title='bbox 413 2019 490 2074; x_wconf 88' lang='lat' dir='ltr'><strong>varie</strong></span> <span class='ocrx_word' id='word_1_153' title='bbox 505 2025 535 2074; x_wconf 91' lang='lat' dir='ltr'><strong>et</strong></span> <span class='ocrx_word' id='word_1_154' title='bbox 550 2019 661 2074; x_wconf 81' lang='lat' dir='ltr'><strong>diverse</strong></span> <span class='ocrx_word' id='word_1_155' title='bbox 677 2037 728 2074; x_wconf 77' lang='lat' dir='ltr'><strong>sire</strong></span> <span class='ocrx_word' id='word_1_156' title='bbox 745 2021 859 2090; x_wconf 82' lang='lat' dir='ltr'><strong>negocia</strong></span> <span class='ocrx_word' id='word_1_157' title='bbox 874 2026 904 2074; x_wconf 89' lang='lat' dir='ltr'><strong>et</strong></span> <span class='ocrx_word' id='word_1_158' title='bbox 922 2020 1120 2090; x_wconf 86' lang='lat' dir='ltr'><strong>occupationes</strong></span> <span class='ocrx_word' id='word_1_159' title='bbox 1136 2020 1294 2076; x_wconf 73' lang='lat' dir='ltr'><strong>absentiam</strong></span> <span class='ocrx_word' id='word_1_160' title='bbox 1310 2021 1348 2076; x_wconf 88' lang='lat' dir='ltr'><strong>ab</strong></span> <span class='ocrx_word' id='word_1_161' title='bbox 1363 2021 1496 2076; x_wconf 85' lang='lat' dir='ltr'><strong>omnibus</strong></span> 
     </span>
     <span class='ocr_line' id='line_1_21' title="bbox 411 2107 1311 2179; baseline 0 -17"><span class='ocrx_word' id='word_1_162' title='bbox 411 2109 466 2162; x_wconf 89' lang='lat' dir='ltr'><strong>nisi</strong></span> <span class='ocrx_word' id='word_1_163' title='bbox 478 2109 517 2162; x_wconf 88' lang='lat' dir='ltr'><strong>sit</strong></span> <span class='ocrx_word' id='word_1_164' title='bbox 529 2107 687 2179; x_wconf 80' lang='lat' dir='ltr'><strong>specialiter</strong></span> <span class='ocrx_word' id='word_1_165' title='bbox 698 2112 728 2161; x_wconf 90' lang='lat' dir='ltr'><strong>et</strong></span> <span class='ocrx_word' id='word_1_166' title='bbox 740 2108 909 2161; x_wconf 86' lang='lat' dir='ltr'><strong>nominatim</strong></span> <span class='ocrx_word' id='word_1_167' title='bbox 921 2112 1053 2163; x_wconf 84' lang='lat' dir='ltr'><strong>evocatus</strong></span> <span class='ocrx_word' id='word_1_168' title='bbox 1065 2125 1083 2162; x_wconf 82' lang='lat' dir='ltr'><strong>a</strong></span> <span class='ocrx_word' id='word_1_169' title='bbox 1095 2108 1311 2178; x_wconf 87' lang='lat' dir='ltr'><strong>procenoellerio</strong></span> 
     </span>
    </p>

    <p class='ocr_par' dir='ltr' id='par_1_9' title="bbox 340 2195 1495 2340">
     <span class='ocr_line' id='line_1_22' title="bbox 340 2195 1495 2268; baseline 0.001 -17"><span class='ocrx_word' id='word_1_170' title='bbox 340 2197 448 2252; x_wconf 84' lang='lat' dir='ltr'><strong>Eadem</strong></span> <span class='ocrx_word' id='word_1_171' title='bbox 466 2197 558 2266; x_wconf 79' lang='lat' dir='ltr'><strong>gretie</strong></span> <span class='ocrx_word' id='word_1_172' title='bbox 575 2195 738 2250; x_wconf 88' lang='lat' dir='ltr'><strong>conceditur</strong></span> <span class='ocrx_word' id='word_1_173' title='bbox 757 2199 790 2250; x_wconf 77' lang='lat'><strong>12</strong></span> <span class='ocrx_word' id='word_1_174' title='bbox 808 2196 888 2250; x_wconf 82' lang='lat' dir='ltr'><strong>lunii</strong></span> <span class='ocrx_word' id='word_1_175' title='bbox 907 2196 1042 2266; x_wconf 85' lang='lat' dir='ltr'><strong>magistro</strong></span> <span class='ocrx_word' id='word_1_176' title='bbox 1061 2197 1131 2250; x_wconf 83' lang='lat' dir='ltr'><strong>Fam</strong></span> <span class='ocrx_word' id='word_1_177' title='bbox 1150 2201 1266 2268; x_wconf 89' lang='lat' dir='ltr'><strong>propter</strong></span> <span class='ocrx_word' id='word_1_178' title='bbox 1282 2214 1394 2267; x_wconf 76' lang='lat' dir='ltr'><strong>gravem</strong></span> <span class='ocrx_word' id='word_1_179' title='bbox 1413 2213 1495 2252; x_wconf 88' lang='lat' dir='ltr'><strong>suam</strong></span> 
     </span>
     <span class='ocr_line' id='line_1_23' title="bbox 411 2287 586 2340; baseline -0.006 -1"><span class='ocrx_word' id='word_1_180' title='bbox 411 2287 586 2340; x_wconf 83' lang='lat' dir='ltr'><strong>senectutem</strong></span> 
     </span>
    </p>

    <p class='ocr_par' dir='ltr' id='par_1_10' title="bbox 341 2370 1494 2604">
     <span class='ocr_line' id='line_1_24' title="bbox 341 2370 1494 2450; baseline -0.002 -22"><span class='ocrx_word' id='word_1_181' title='bbox 341 2372 510 2428; x_wconf 78' lang='lat' dir='ltr'><strong>Conceditur</strong></span> <span class='ocrx_word' id='word_1_182' title='bbox 524 2377 556 2425; x_wconf 78' lang='lat'><strong>15</strong></span> <span class='ocrx_word' id='word_1_183' title='bbox 569 2370 648 2425; x_wconf 88' lang='lat' dir='ltr'><strong>Junii</strong></span> <span class='ocrx_word' id='word_1_184' title='bbox 661 2373 693 2424; x_wconf 93' lang='lat' dir='ltr'><strong>vt</strong></span> <span class='ocrx_word' id='word_1_185' title='bbox 708 2371 834 2442; x_wconf 77' lang='lat' dir='ltr'><strong>magistri</strong></span> <span class='ocrx_word' id='word_1_186' title='bbox 852 2370 961 2427; x_wconf 89' lang='lat' dir='ltr'><strong>Ovinus</strong></span> <span class='ocrx_word' id='word_1_187' title='bbox 978 2371 1064 2450; x_wconf 86' lang='lat' dir='ltr'><strong>Ovveu</strong></span> <span class='ocrx_word' id='word_1_188' title='bbox 1080 2379 1109 2426; x_wconf 91' lang='lat' dir='ltr'><strong>et</strong></span> <span class='ocrx_word' id='word_1_189' title='bbox 1128 2372 1236 2428; x_wconf 85' lang='lat' dir='ltr'><strong>Ovinus</strong></span> <span class='ocrx_word' id='word_1_190' title='bbox 1255 2372 1367 2427; x_wconf 85' lang='lat' dir='ltr'><strong>Ducket</strong></span> <span class='ocrx_word' id='word_1_191' title='bbox 1381 2389 1494 2444; x_wconf 84' lang='lat' dir='ltr'><strong>presen-</strong></span> 
     </span>
     <span class='ocr_line' id='line_1_25' title="bbox 410 2458 1494 2530; baseline 0.002 -16"><span class='ocrx_word' id='word_1_192' title='bbox 410 2465 508 2515; x_wconf 88' lang='lat' dir='ltr'><strong>tantur</strong></span> <span class='ocrx_word' id='word_1_193' title='bbox 525 2459 638 2514; x_wconf 89' lang='lat' dir='ltr'><strong>dominc</strong></span> <span class='ocrx_word' id='word_1_194' title='bbox 657 2458 750 2513; x_wconf 88' lang='lat' dir='ltr'><strong>North</strong></span> <span class='ocrx_word' id='word_1_195' title='bbox 769 2463 801 2512; x_wconf 89' lang='lat' dir='ltr'><strong>vt</strong></span> <span class='ocrx_word' id='word_1_196' title='bbox 822 2475 895 2513; x_wconf 88' lang='lat' dir='ltr'><strong>vnus</strong></span> <span class='ocrx_word' id='word_1_197' title='bbox 914 2475 1011 2514; x_wconf 87' lang='lat' dir='ltr'><strong>eorum</strong></span> <span class='ocrx_word' id='word_1_198' title='bbox 1031 2465 1230 2530; x_wconf 79' lang='lat' dir='ltr'><strong>promoveatur</strong></span> <span class='ocrx_word' id='word_1_199' title='bbox 1251 2460 1287 2515; x_wconf 88' lang='lat' dir='ltr'><strong>ad</strong></span> <span class='ocrx_word' id='word_1_200' title='bbox 1307 2460 1439 2516; x_wconf 85' lang='lat' dir='ltr'><strong>vicariam</strong></span> <span class='ocrx_word' id='word_1_201' title='bbox 1458 2462 1494 2517; x_wconf 95' lang='lat' dir='ltr'><strong>de</strong></span> 
     </span>
     <span class='ocr_line' id='line_1_26' title="bbox 411 2547 530 2604; baseline -0.017 -1"><span class='ocrx_word' id='word_1_202' title='bbox 411 2547 530 2604; x_wconf 89' lang='lat' dir='ltr'><strong>Burvrell</strong></span> 
     </span>
    </p>

    <p class='ocr_par' dir='ltr' id='par_1_11' title="bbox 340 2632 1494 3056">
     <span class='ocr_line' id='line_1_27' title="bbox 340 2632 1494 2706; baseline 0 -16"><span class='ocrx_word' id='word_1_203' title='bbox 340 2637 424 2691; x_wconf 86' lang='lat' dir='ltr'><strong>Mem.</strong></span> <span class='ocrx_word' id='word_1_204' title='bbox 438 2635 513 2706; x_wconf 93' lang='lat' dir='ltr'><strong>quod</strong></span> <span class='ocrx_word' id='word_1_205' title='bbox 528 2639 560 2690; x_wconf 82' lang='lat' dir='ltr'><strong>lli</strong></span> <span class='ocrx_word' id='word_1_206' title='bbox 573 2632 652 2689; x_wconf 78' lang='lat' dir='ltr'><strong>lunii</strong></span> <span class='ocrx_word' id='word_1_207' title='bbox 668 2634 799 2689; x_wconf 89' lang='lat' dir='ltr'><strong>dominus</strong></span> <span class='ocrx_word' id='word_1_208' title='bbox 816 2634 1048 2704; x_wconf 83' lang='lat' dir='ltr'><strong>procencellerius</strong></span> <span class='ocrx_word' id='word_1_209' title='bbox 1065 2651 1099 2688; x_wconf 84' lang='lat' dir='ltr'><strong>ex</strong></span> <span class='ocrx_word' id='word_1_210' title='bbox 1115 2651 1232 2689; x_wconf 88' lang='lat' dir='ltr'><strong>assensu</strong></span> <span class='ocrx_word' id='word_1_211' title='bbox 1250 2635 1448 2705; x_wconf 81' lang='lat' dir='ltr'><strong>magistromm</strong></span> <span class='ocrx_word' id='word_1_212' title='bbox 1463 2640 1494 2690; x_wconf 90' lang='lat' dir='ltr'><strong>et</strong></span> 
     </span>
     <span class='ocr_line' id='line_1_28' title="bbox 411 2721 1493 2794; baseline 0.001 -17"><span class='ocrx_word' id='word_1_213' title='bbox 411 2722 553 2794; x_wconf 89' lang='lat' dir='ltr'><strong>presidum</strong></span> <span class='ocrx_word' id='word_1_214' title='bbox 571 2721 748 2793; x_wconf 85' lang='lat' dir='ltr'><strong>collegiorum</strong></span> <span class='ocrx_word' id='word_1_215' title='bbox 767 2721 847 2775; x_wconf 88' lang='lat' dir='ltr'><strong>lectis</strong></span> <span class='ocrx_word' id='word_1_216' title='bbox 867 2739 916 2792; x_wconf 89' lang='lat' dir='ltr'><strong>per</strong></span> <span class='ocrx_word' id='word_1_217' title='bbox 933 2722 1070 2776; x_wconf 89' lang='lat' dir='ltr'><strong>seniorem</strong></span> <span class='ocrx_word' id='word_1_218' title='bbox 1088 2728 1297 2793; x_wconf 86' lang='lat' dir='ltr'><strong>procuratorem</strong></span> <span class='ocrx_word' id='word_1_219' title='bbox 1312 2740 1397 2793; x_wconf 89' lang='lat' dir='ltr'><strong>super</strong></span> <span class='ocrx_word' id='word_1_220' title='bbox 1412 2741 1445 2778; x_wconf 84' lang='lat' dir='ltr'><strong>ea</strong></span> <span class='ocrx_word' id='word_1_221' title='bbox 1462 2741 1493 2778; x_wconf 87' lang='lat' dir='ltr'><strong>re</strong></span> 
     </span>
     <span class='ocr_line' id='line_1_29' title="bbox 410 2808 1494 2881; baseline 0.001 -16"><span class='ocrx_word' id='word_1_222' title='bbox 410 2810 527 2865; x_wconf 85' lang='lat' dir='ltr'><strong>statutis</strong></span> <span class='ocrx_word' id='word_1_223' title='bbox 550 2809 746 2880; x_wconf 81' lang='lat' dir='ltr'><strong>pronuntiavit</strong></span> <span class='ocrx_word' id='word_1_224' title='bbox 763 2813 792 2862; x_wconf 91' lang='lat' dir='ltr'><strong>et</strong></span> <span class='ocrx_word' id='word_1_225' title='bbox 810 2808 963 2864; x_wconf 75' lang='lat' dir='ltr'><strong>declaravit</strong></span> <span class='ocrx_word' id='word_1_226' title='bbox 986 2827 1083 2864; x_wconf 87' lang='lat' dir='ltr'><strong>omnes</strong></span> <span class='ocrx_word' id='word_1_227' title='bbox 1104 2811 1254 2880; x_wconf 79' lang='lat' dir='ltr'><strong>magistros</strong></span> <span class='ocrx_word' id='word_1_228' title='bbox 1276 2811 1458 2881; x_wconf 81' lang='lat' dir='ltr'><strong>inauguratos</strong></span> <span class='ocrx_word' id='word_1_229' title='bbox 1476 2829 1494 2866; x_wconf 87' lang='lat' dir='ltr'><strong>a</strong></span> 
     </span>
     <span class='ocr_line' id='line_1_30' title="bbox 409 2897 1492 2971; baseline 0 -18"><span class='ocrx_word' id='word_1_230' title='bbox 409 2899 536 2971; x_wconf 82' lang='lat' dir='ltr'><strong>proxime</strong></span> <span class='ocrx_word' id='word_1_231' title='bbox 554 2898 641 2968; x_wconf 78' lang='lat' dir='ltr'><strong>Regia</strong></span> <span class='ocrx_word' id='word_1_232' title='bbox 659 2897 821 2953; x_wconf 81' lang='lat' dir='ltr'><strong>visitatione</strong></span> <span class='ocrx_word' id='word_1_233' title='bbox 836 2903 865 2952; x_wconf 88' lang='lat' dir='ltr'><strong>et</strong></span> <span class='ocrx_word' id='word_1_234' title='bbox 882 2897 1046 2952; x_wconf 83' lang='lat' dir='ltr'><strong>excedentes</strong></span> <span class='ocrx_word' id='word_1_235' title='bbox 1058 2899 1176 2953; x_wconf 89' lang='lat' dir='ltr'><strong>tertium</strong></span> <span class='ocrx_word' id='word_1_236' title='bbox 1187 2899 1310 2968; x_wconf 78' lang='lat' dir='ltr'><strong>regentia</strong></span> <span class='ocrx_word' id='word_1_237' title='bbox 1322 2916 1373 2953; x_wconf 90' lang='lat' dir='ltr'><strong>sue</strong></span> <span class='ocrx_word' id='word_1_238' title='bbox 1384 2915 1492 2954; x_wconf 87' lang='lat' dir='ltr'><strong>annum</strong></span> 
     </span>
     <span class='ocr_line' id='line_1_31' title="bbox 408 2990 676 3056; baseline -0.007 -14"><span class='ocrx_word' id='word_1_239' title='bbox 408 3005 469 3042; x_wconf 86' lang='lat' dir='ltr'><strong>esse</strong></span> <span class='ocrx_word' id='word_1_240' title='bbox 481 3004 537 3041; x_wconf 90' lang='lat' dir='ltr'><strong>non</strong></span> <span class='ocrx_word' id='word_1_241' title='bbox 549 2990 676 3056; x_wconf 78' lang='lat' dir='ltr'><strong>regentes</strong></span> 
     </span>
    </p>

    <p class='ocr_par' dir='ltr' id='par_1_12' title="bbox 338 3074 1493 3220">
     <span class='ocr_line' id='line_1_32' title="bbox 338 3074 1493 3132; baseline -0.002 0"><span class='ocrx_word' id='word_1_242' title='bbox 338 3075 507 3132; x_wconf 82' lang='lat' dir='ltr'><strong>Conceditur</strong></span> <span class='ocrx_word' id='word_1_243' title='bbox 524 3079 542 3128; x_wconf 80' lang='lat'>4</span> <span class='ocrx_word' id='word_1_244' title='bbox 559 3074 630 3130; x_wconf 88' lang='lat' dir='ltr'><strong>Julii</strong></span> <span class='ocrx_word' id='word_1_245' title='bbox 651 3079 683 3128; x_wconf 90' lang='lat' dir='ltr'><strong>vt</strong></span> <span class='ocrx_word' id='word_1_246' title='bbox 704 3075 843 3130; x_wconf 83' lang='lat' dir='ltr'><strong>tenninus</strong></span> <span class='ocrx_word' id='word_1_247' title='bbox 864 3075 999 3130; x_wconf 91' lang='lat' dir='ltr'><strong>hodierno</strong></span> <span class='ocrx_word' id='word_1_248' title='bbox 1018 3075 1064 3131; x_wconf 92' lang='lat' dir='ltr'><strong>die</strong></span> <span class='ocrx_word' id='word_1_249' title='bbox 1084 3075 1256 3130; x_wconf 83' lang='lat' dir='ltr'><strong>dissolvatur</strong></span> <span class='ocrx_word' id='word_1_250' title='bbox 1279 3092 1335 3130; x_wconf 91' lang='lat' dir='ltr'><strong>non</strong></span> <span class='ocrx_word' id='word_1_251' title='bbox 1360 3074 1493 3131; x_wconf 88' lang='lat' dir='ltr'><strong>obstante</strong></span> 
     </span>
     <span class='ocr_line' id='line_1_33' title="bbox 407 3169 517 3220; baseline -0.009 -1"><span class='ocrx_word' id='word_1_252' title='bbox 407 3169 517 3220; x_wconf 88' lang='lat' dir='ltr'><strong>statuto</strong></span> 
     </span>
    </p>
   </div>
   <div class='ocr_carea' id='block_1_3' title="bbox 579 3641 1252 3728">
    <p class='ocr_par' dir='ltr' id='par_1_13' title="bbox 579 3641 1252 3728">
     <span class='ocr_line' id='line_1_34' title="bbox 579 3641 1252 3728; baseline -0.01 -16"><span class='ocrx_word' id='word_1_253' title='bbox 579 3647 764 3712; x_wconf 86' lang='lat' dir='ltr'><strong>Praeticens</strong></span> <span class='ocrx_word' id='word_1_254' title='bbox 787 3647 821 3710; x_wconf 91' lang='lat' dir='ltr'><strong>in</strong></span> <span class='ocrx_word' id='word_1_255' title='bbox 845 3643 1008 3710; x_wconf 87' lang='lat' dir='ltr'><strong>medicina</strong></span> <span class='ocrx_word' id='word_1_256' title='bbox 1030 3651 1065 3707; x_wconf 90' lang='lat' dir='ltr'><strong>et</strong></span> <span class='ocrx_word' id='word_1_257' title='bbox 1086 3641 1252 3728; x_wconf 74' lang='lat' dir='ltr'><strong>chirurgia</strong></span> 
     </span>
    </p>
   </div>
   <div class='ocr_carea' id='block_1_4' title="bbox 336 3823 1492 4167">
    <p class='ocr_par' dir='ltr' id='par_1_14' title="bbox 336 3823 1492 4167">
     <span class='ocr_line' id='line_1_35' title="bbox 336 3823 1490 3898; baseline -0.007 -10"><span class='ocrx_word' id='word_1_258' title='bbox 336 3831 506 3888; x_wconf 89' lang='lat' dir='ltr'><strong>Conceditur</strong></span> <span class='ocrx_word' id='word_1_259' title='bbox 524 3834 539 3887; x_wconf 86' lang='grc'><strong>7</strong></span> <span class='ocrx_word' id='word_1_260' title='bbox 556 3829 626 3885; x_wconf 89' lang='lat' dir='ltr'><strong>Julii</strong></span> <span class='ocrx_word' id='word_1_261' title='bbox 648 3833 717 3884; x_wconf 79' lang='grc'><strong>1564</strong></span> <span class='ocrx_word' id='word_1_262' title='bbox 734 3829 815 3883; x_wconf 85' lang='lat' dir='ltr'><strong>Isaac</strong></span> <span class='ocrx_word' id='word_1_263' title='bbox 831 3828 929 3882; x_wconf 85' lang='lat' dir='ltr'><strong>Barow</strong></span> <span class='ocrx_word' id='word_1_264' title='bbox 947 3827 976 3880; x_wconf 93' lang='lat' dir='ltr'><strong>in</strong></span> <span class='ocrx_word' id='word_1_265' title='bbox 991 3823 1102 3880; x_wconf 79' lang='lat' dir='ltr'><strong>artibus</strong></span> <span class='ocrx_word' id='word_1_266' title='bbox 1117 3826 1251 3896; x_wconf 80' lang='lat' dir='ltr'><strong>magistro</strong></span> <span class='ocrx_word' id='word_1_267' title='bbox 1270 3831 1302 3880; x_wconf 89' lang='lat' dir='ltr'><strong>vt</strong></span> <span class='ocrx_word' id='word_1_268' title='bbox 1317 3824 1445 3880; x_wconf 87' lang='lat' dir='ltr'><strong>studium</strong></span> <span class='ocrx_word' id='word_1_269' title='bbox 1462 3827 1490 3898; x_wconf 86' lang='lat' dir='ltr'><strong>vj</strong></span> 
     </span>
     <span class='ocr_line' id='line_1_36' title="bbox 405 3915 1492 3986; baseline -0.006 -10"><span class='ocrx_word' id='word_1_270' title='bbox 405 3939 543 3976; x_wconf 87' lang='lat' dir='ltr'><strong>annorum</strong></span> <span class='ocrx_word' id='word_1_271' title='bbox 556 3921 586 3974; x_wconf 94' lang='lat' dir='ltr'><strong>in</strong></span> <span class='ocrx_word' id='word_1_272' title='bbox 598 3917 738 3974; x_wconf 85' lang='lat' dir='ltr'><strong>medicine</strong></span> <span class='ocrx_word' id='word_1_273' title='bbox 749 3917 870 3972; x_wconf 83' lang='lat' dir='ltr'><strong>sufficiet</strong></span> <span class='ocrx_word' id='word_1_274' title='bbox 883 3918 909 3971; x_wconf 90' lang='lat' dir='ltr'><strong>ei</strong></span> <span class='ocrx_word' id='word_1_275' title='bbox 921 3916 957 3970; x_wconf 83' lang='lat' dir='ltr'><strong>ed</strong></span> <span class='ocrx_word' id='word_1_276' title='bbox 970 3915 1183 3986; x_wconf 84' lang='lat' dir='ltr'><strong>prectioendum</strong></span> <span class='ocrx_word' id='word_1_277' title='bbox 1200 3915 1229 3969; x_wconf 92' lang='lat' dir='ltr'><strong>in</strong></span> <span class='ocrx_word' id='word_1_278' title='bbox 1246 3915 1343 3970; x_wconf 84' lang='lat' dir='ltr'><strong>eadem</strong></span> <span class='ocrx_word' id='word_1_279' title='bbox 1360 3919 1390 3969; x_wconf 91' lang='lat' dir='ltr'><strong>et</strong></span> <span class='ocrx_word' id='word_1_280' title='bbox 1405 3932 1492 3986; x_wconf 88' lang='lat' dir='ltr'><strong>super</strong></span> 
     </span>
     <span class='ocr_line' id='line_1_37' title="bbox 405 4003 1492 4075; baseline -0.005 -12"><span class='ocrx_word' id='word_1_281' title='bbox 405 4009 458 4063; x_wconf 89' lang='lat' dir='ltr'><strong>hac</strong></span> <span class='ocrx_word' id='word_1_282' title='bbox 469 4016 564 4063; x_wconf 88' lang='lat' dir='ltr'><strong>vestra</strong></span> <span class='ocrx_word' id='word_1_283' title='bbox 575 4009 752 4062; x_wconf 86' lang='lat' dir='ltr'><strong>concessione</strong></span> <span class='ocrx_word' id='word_1_284' title='bbox 763 4007 861 4061; x_wconf 87' lang='lat' dir='ltr'><strong>literas</strong></span> <span class='ocrx_word' id='word_1_285' title='bbox 873 4005 976 4060; x_wconf 82' lang='lat' dir='ltr'><strong>habeat</strong></span> <span class='ocrx_word' id='word_1_286' title='bbox 988 4006 1124 4075; x_wconf 81' lang='lat' dir='ltr'><strong>sigillatas</strong></span> <span class='ocrx_word' id='word_1_287' title='bbox 1141 4004 1231 4074; x_wconf 86' lang='lat' dir='ltr'><strong>sigillo</strong></span> <span class='ocrx_word' id='word_1_288' title='bbox 1248 4003 1389 4058; x_wconf 90' lang='lat' dir='ltr'><strong>communi</strong></span> <span class='ocrx_word' id='word_1_289' title='bbox 1426 4004 1492 4059; x_wconf 87' lang='lat' dir='ltr'><strong>Pre-</strong></span> 
     </span>
     <span class='ocr_line' id='line_1_38' title="bbox 406 4097 969 4167; baseline -0.005 -16"><span class='ocrx_word' id='word_1_290' title='bbox 406 4101 537 4151; x_wconf 85' lang='lat' dir='ltr'><strong>sentetus</strong></span> <span class='ocrx_word' id='word_1_291' title='bbox 548 4113 598 4167; x_wconf 92' lang='lat' dir='ltr'><strong>per</strong></span> <span class='ocrx_word' id='word_1_292' title='bbox 609 4097 747 4150; x_wconf 88' lang='lat' dir='ltr'><strong>seniorem</strong></span> <span class='ocrx_word' id='word_1_293' title='bbox 760 4099 969 4166; x_wconf 79' lang='lat' dir='ltr'><strong>procuratorem</strong></span> 
     </span>
    </p>
   </div>
   <div class='ocr_carea' id='block_1_5' title="bbox 0 0 1702 5114">
    <p class='ocr_par' dir='ltr' id='par_1_15' title="bbox 0 0 1702 5114">
     <span class='ocr_line' id='line_1_39' title="bbox 0 0 1702 5114; baseline 0 4"><span class='ocrx_word' id='word_1_294' title='bbox 0 0 1702 5114; x_wconf 95' lang='lat' dir='ltr'><strong> </strong></span> 
     </span>
    </p>
   </div>
  </div>
 </body>
</html>
