3376 5108
345 357 409 421 156
780 370 895 420 saaca
917 371 1011 420 eoos
1033 370 1057 420 Δ
1337 357 1502 442 [1561-62

344 527 514 584 Conceditur
526 533 559 585 15
572 528 642 586 Maii
658 528 727 584 Tho.
742 528 891 584 Edwardes
903 532 936 584 vt
949 527 1077 583 studium
1090 543 1138 582 sex
1154 543 1293 582 annorum
1310 527 1340 584 in
1352 527 1414 583 iure
1425 526 1503 583 ciuili

372 609 376 616 ⁴
414 635 479 672 cum
491 617 715 688 oppositionibus
726 617 956 690 responsionibus
971 621 1001 672 et
1013 617 1076 672 aliis
1089 617 1230 672 exercitiis
1246 635 1296 688 per
1306 617 1382 689 regia
1394 621 1504 674 statuta

414 707 558 778 requisitis
569 706 690 762 sufficiat
702 707 727 761 ei
739 707 775 762 ad
788 705 952 761 intrandum
965 706 994 760 in
1008 705 1105 762 eodem
1117 705 1178 761 iure
1189 705 1230 761 sic
1243 710 1275 762 vt
1290 705 1459 780 respondeat
1473 711 1504 762 et

414 798 538 864 opponat
550 797 644 849 vestra
655 793 828 849 authoritate
840 793 870 848 in
882 792 983 849 habitu
994 792 1171 849 bachalsurei

227 878 246 936 s.
264 878 332 937 64b
346 879 516 935 Conceditur
539 889 587 935 xx⁰
605 880 684 935 Junii
703 880 771 936 Tho.
792 879 883 935 Bland
902 885 934 936 vt
951 879 1079 936 studium
1098 897 1116 934 x
1133 896 1272 934 annorum
1293 879 1323 934 in
1343 881 1404 936 iure
1427 879 1503 935 civili

416 987 480 1023 cum
498 969 590 1024 multa
606 969 731 1040 practica
747 969 777 1023 in
793 968 891 1024 offlam
906 974 936 1024 et
953 986 1019 1023 cum
1038 967 1263 1040 oppositionibus
1276 967 1504 1040 responsionibus

414 1062 445 1112 et
456 1056 519 1111 aliis
531 1056 671 1110 exercitiis
682 1073 733 1128 per
749 1056 824 1126 regia
836 1060 946 1111 statuta
960 1056 1105 1126 requisitis
1117 1055 1293 1126 perficiendis
1311 1057 1384 1113 infra
1396 1073 1503 1112 annum

416 1151 481 1217 post
499 1147 560 1200 eius
577 1144 777 1200 admissionem
796 1144 849 1200 sub
867 1162 941 1218 pena
959 1144 1017 1216 iiij¹¹
1034 1145 1228 1217 ponendarum
1246 1146 1276 1201 in
1294 1145 1425 1201 manibus
1442 1163 1504 1218 pro·

415 1239 577 1289 curatorum
589 1239 656 1289 ante
668 1233 729 1289 eius
746 1233 945 1289 admissionem
960 1234 1081 1288 sufficiat
1093 1234 1119 1288 ei
1136 1233 1173 1288 ad
1188 1234 1352 1289 intrandum
1364 1235 1395 1289 in
1407 1233 1504 1289 eodem

412 1322 477 1393 jure
514 1322 909 1393 Presentatuspardoctorem
923 1321 1022 1393 Harvy
1055 1321 1205 1376 Admissus
1218 1323 1251 1379 27
1264 1320 1344 1377 Junii
1357 1321 1503 1392 (forisfecit

416 1412 516 1483 mac.)

345 1497 515 1555 Conceditur
526 1501 544 1553 9
556 1497 573 1552 J
576 1497 626 1552 ulii
638 1497 707 1554 Tho.
721 1497 828 1553 Blande
840 1498 976 1570 superiori
983 1497 1029 1552 die
1042 1496 1165 1552 admisso
1176 1498 1212 1553 ad
1224 1498 1389 1554 intrandum
1402 1498 1431 1552 in
1440 1496 1505 1568 jure

416 1587 491 1641 civili
503 1591 533 1641 et
546 1591 645 1657 postea
661 1588 691 1641 in
708 1588 831 1659 patriam
848 1586 973 1658 proiecto
989 1605 1022 1641 ac
1033 1585 1139 1641 ibidem
1155 1585 1325 1658 quibusdam
1341 1587 1505 1642 necessariis

416 1675 538 1746 negociis
554 1675 690 1746 impedito
705 1693 763 1747 quo
779 1676 875 1730 minus
891 1676 953 1730 sine
970 1693 1022 1730 suc
1038 1675 1162 1731 maximo
1176 1675 1323 1746 dispendio
1338 1676 1374 1731 ad
1391 1675 1505 1731 comitia

416 1770 513 1818 nostra
532 1764 634 1818 reverti
659 1765 753 1835 potuit
777 1769 809 1820 vt
827 1764 888 1818 eius
911 1763 1046 1819 admissio
1064 1767 1121 1818 stet
1138 1764 1164 1818 ei
1183 1781 1233 1835 pro
1251 1764 1398 1834 completis
1415 1763 1504 1834 gradu

415 1854 446 1905 et
463 1851 554 1905 forms
576 1849 807 1906 bachalaursatus
826 1852 856 1905 in
880 1850 977 1906 eodem
995 1849 1060 1922 jure
1080 1851 1121 1904 sic
1142 1855 1237 1905 tamen
1257 1856 1289 1905 vt
1307 1868 1358 1921 pro
1377 1851 1505 1906 convivio

416 1944 530 1994 etcum
554 1937 667 1993 doctore
688 1938 762 2010 juris
782 1939 873 1994 civilis
894 1943 1044 2010 componat
1067 1943 1097 1993 et
1121 1938 1300 1993 uniuersitati
1319 1956 1369 2009 pro
1393 1938 1504 2011 dispen-

415 2029 525 2083 satione
542 2028 578 2084 de
595 2046 652 2083 non
670 2028 786 2099 legendo
804 2027 896 2083 solvat
913 2027 985 2098 xiijs
1004 2025 1072 2097 iiijd

345 2115 515 2172 Oonceiiitur
535 2121 571 2172 20
594 2116 674 2172 Junii
698 2122 731 2170 vt
752 2117 896 2189 responsio
920 2114 1061 2186 adquam
1082 2119 1195 2170 tenetur
1212 2115 1336 2171 Thomas
1354 2115 1504 2171 Edwardes

415 2206 524 2261 ratione
550 2206 654 2277 gradus
681 2205 725 2260 sui
756 2205 926 2277 suscipiendi
951 2204 1041 2276 possit
1068 2205 1162 2275 peregi
1191 2205 1220 2259 in
1244 2204 1291 2259 die
1314 2205 1504 2276 proximorum

415 2291 593 2346 comitiorum
611 2291 652 2345 sic
671 2295 703 2345 vt
721 2294 779 2345 stet
797 2307 848 2362 pro
866 2290 956 2345 forma
973 2307 1026 2344 sua

344 2378 517 2435 Conceditur
540 2381 557 2434 9
576 2377 646 2433 Julii
666 2382 695 2433 et
712 2377 908 2448 dispensatum
926 2380 969 2432 eet
987 2394 1052 2431 cum
1074 2377 1208 2447 magistro
1225 2377 1376 2434 Edwardes
1393 2377 1429 2433 de
1445 2395 1503 2432 non

414 2465 530 2538 legendo
543 2466 582 2520 sic
595 2470 627 2520 vt
638 2464 732 2520 solvat
743 2464 922 2520 vniucrsitati
935 2463 1008 2535 xiijs
1019 2462 1088 2535 iiijd

344 2555 514 2611 Conceditur
531 2572 606 2609 anno
628 2553 737 2608 domini
763 2557 832 2608 1542
856 2551 921 2626 [sic]
940 2557 970 2608 et
993 2553 1189 2625 dispensatum
1212 2560 1256 2608 cst
1279 2571 1345 2610 curn
1369 2555 1504 2626 magistro

415 2643 524 2700 Bartlet
541 2641 576 2698 de
594 2659 651 2697 non
668 2642 784 2712 legendo
801 2641 842 2696 sic
860 2647 893 2696 vt
910 2640 1001 2696 solvat
1019 2641 1199 2696 uniuersitati
1216 2641 1291 2714 xiijs
1308 2641 1379 2713 iiijd

747 3082 905 3148 Doctores
928 3082 962 3145 in
985 3081 1098 3147 eodem

347 3279 517 3336 Conceditur
534 3280 591 3350 xiiij
614 3279 710 3334 Martii
731 3279 866 3350 magistro
887 3278 1032 3350 Threliryll
1050 3295 1140 3351 nuper
1157 3278 1264 3350 collegii
1283 3277 1362 3349 Regii
1379 3279 1454 3333 socio
1471 3283 1503 3334 vt

417 3368 543 3423 studium
556 3367 605 3422 viii
621 3385 759 3423 annorum
775 3369 805 3423 in
819 3369 883 3440 jure
895 3368 970 3422 civili
985 3373 1137 3440 postquam
1154 3369 1256 3423 rexerit
1273 3369 1302 3422 in
1314 3369 1424 3425 artibus
1437 3385 1502 3423 cnm

417 3454 640 3527 oppositionibus
663 3453 892 3527 responsionibus
916 3460 946 3510 et
969 3456 1033 3510 aliis
1056 3455 1197 3511 exercitiis
1223 3473 1273 3528 per
1295 3457 1371 3526 regia
1394 3461 1504 3510 statuta

416 3545 561 3614 requisitis
578 3543 754 3616 perficiendis
771 3545 845 3599 infra
862 3561 969 3599 annum
986 3549 1051 3616 post
1069 3545 1130 3598 eius
1145 3531 1344 3599 admissionem
1362 3544 1415 3598 sub
1431 3561 1503 3616 pena

416 3632 450 3687 1¹¹
462 3632 591 3704 ponenda
603 3633 632 3688 in
646 3631 778 3688 manibus
789 3639 1002 3704 procuratorum
1014 3639 1082 3688 ante
1096 3634 1158 3688 eius
1172 3633 1370 3689 admissionem
1383 3635 1504 3690 sufficiat

416 3722 441 3776 ei
463 3720 498 3776 ad
519 3719 710 3792 incipiendum
732 3721 761 3775 in
781 3721 878 3776 eodem
899 3721 960 3776 iure
980 3721 1022 3775 ita
1042 3727 1075 3777 vt
1095 3721 1155 3776 eius
1175 3721 1309 3777 admissio
1329 3728 1387 3778 stet
1406 3724 1432 3778 ei
1453 3739 1503 3794 pro

418 3808 565 3880 completis
582 3808 670 3879 gradu
688 3812 718 3863 et
736 3809 826 3863 forma
842 3808 1007 3864 doctoratus
1024 3809 1158 3880 qnoniam
1175 3810 1259 3864 timet
1276 3809 1351 3881 quod
1369 3810 1504 3882 proximis

417 3895 541 3951 comitiis
557 3893 655 3950 adesse
673 3911 729 3948 non
752 3895 842 3965 possit
859 3895 900 3949 sic
919 3899 1015 3949 tamen
1036 3899 1068 3950 vt
1091 3896 1255 3950 convivetur
1272 3900 1302 3950 et
1321 3895 1402 3950 aliter
1422 3897 1504 3951 satis·

417 3985 503 4040 saciat
515 3983 655 4039 officiariis
669 4000 720 4055 pro
732 4000 809 4038 mona
825 3983 966 4040 academie
1001 3984 1152 4039 Admissus
1168 3984 1265 4039 codem
1280 3991 1309 4040 et
1325 3990 1505 4056 presentatus

416 4091 467 4146 per
484 4071 627 4126 doctorem
646 4072 746 4144 Harvy

347 4161 517 4218 Conceditur
528 4159 617 4230 „fij-e
629 4159 646 4214 J
648 4159 758 4214 aunarii
771 4160 905 4230 magistro
921 4159 1011 4214 Furta
1024 4166 1056 4214 vt
1072 4159 1199 4215 studium
1211 4179 1230 4217 v
1245 4177 1384 4216 annorum
1396 4162 1426 4218 in
1444 4164 1505 4218 iure

417 4250 491 4307 civili
516 4253 581 4320 post
601 4248 719 4320 mum
738 4247 915 4303 bachalaurei
935 4249 964 4302 in
984 4249 1081 4303 eadem
1101 4249 1235 4305 facultate
1258 4256 1421 4322 susceptum
1438 4269 1504 4308 cum

416 4335 640 4410 oppositionibus
662 4335 890 4407 responsionibus
914 4341 944 4390 et
971 4335 1035 4390 aliis
1057 4337 1197 4391 exercitiis
1221 4354 1271 4409 per
1297 4340 1372 4408 regia
1395 4344 1506 4395 statuta

416 4421 561 4496 requisitis
577 4422 698 4477 sufficiat
715 4422 741 4476 ei
760 4421 796 4477 ad
814 4421 1006 4495 incipiendum
1024 4425 1054 4478 in
1072 4423 1169 4479 eodem
