3376 5108
182 362 346 447 1550-51]
622 381 735 430 onnes
757 381 850 430 noos
873 382 896 429 s

556 719 787 787 Bacchalaurei
809 720 973 809 theologie

184 918 258 972 item
283 917 444 973 comeditur
467 919 602 988 magistro
623 918 727 974 Pechet
748 924 780 974 vt
798 918 925 974 studium
947 921 962 974 7
987 935 1125 973 annorum
1147 917 1176 972 in
1201 917 1339 988 theologia

254 1011 404 1076 postquem
421 1005 523 1060 rexerit
541 1007 570 1059 in
588 1004 698 1060 ortibus
717 1023 772 1060 vno
788 1023 853 1060 cum
870 1005 1097 1076 responsionibus
1115 1005 1340 1076 opposicionibus

253 1099 283 1146 et
294 1093 474 1148 concionibus
486 1094 591 1166 purtim
603 1096 660 1150 iem
670 1093 776 1150 habitis
785 1099 815 1150 et
823 1095 923 1152 ceteris
935 1111 985 1166 per
994 1098 1104 1149 statute
1112 1095 1188 1166 regis
1196 1093 1340 1165 requisitis

254 1178 390 1234 habendis
402 1186 469 1235 ente
485 1181 591 1236 festum
603 1181 709 1236 Pesche
725 1182 884 1254 proximum
901 1181 925 1236 si
941 1181 1042 1236 vixerit
1057 1180 1112 1236 suh
1128 1198 1200 1252 pene
1215 1181 1342 1252 quinque

253 1266 388 1322 librorum
406 1269 435 1322 in
458 1267 589 1324 menibus
610 1275 823 1341 procuratorum
844 1268 974 1341 ponende
992 1269 1114 1324 sufficiet
1132 1269 1158 1322 ei
1179 1269 1215 1324 sd
1233 1271 1339 1324 intren-

253 1355 320 1411 dum
333 1356 362 1411 ln
376 1356 473 1412 cedem
488 1356 628 1428 theologie
667 1358 714 1412 Sic
726 1363 758 1413 vt
770 1359 860 1430 possit
873 1357 988 1413 admitti
1000 1363 1066 1412 ante
1077 1357 1181 1413 festum
1195 1357 1340 1412 Michaelis

254 1445 410 1515 proximum
449 1445 495 1500 Ite
513 1450 608 1500 temen
627 1451 660 1500 vt
678 1445 731 1500 hoo
749 1449 876 1517 tempore
895 1445 1051 1500 necationis
1070 1444 1162 1499 bisin
1181 1445 1284 1517 oppido
1303 1444 1339 1500 sd

252 1531 387 1603 populum
399 1533 580 1588 concionetur
615 1539 646 1588 et
662 1534 751 1589 nihilo
767 1534 862 1594 minus
878 1541 986 1590 ceteras
1003 1534 1150 1588 conciones
1166 1551 1216 1606 per
1230 1538 1340 1589 statuta

253 1620 404 1691 requisites
422 1625 520 1692 postes
538 1622 665 1693 perficiet
704 1622 819 1691 (Omnia
836 1621 952 1694 peregit,
970 1623 1092 1696 margin)

184 1707 258 1762 Item
271 1708 434 1764 conceditur
445 1709 579 1779 magistro
597 1709 715 1764 Pereson
734 1711 836 1765 seniori
853 1711 1026 1782 procuratori
1038 1713 1070 1765 vt
1086 1710 1212 1766 studium
1226 1713 1241 1767 7
1254 1727 1339 1764 enno-

254 1814 317 1852 rum
336 1797 364 1851 in
384 1797 525 1868 theologis
544 1802 695 1870 postquam
714 1798 817 1854 rexerit
834 1799 864 1854 in
882 1798 992 1854 artibus
1010 1816 1066 1854 vno
1082 1815 1147 1854 cum
1165 1798 1341 1854 sermonibus

253 1885 476 1956 oppoeItionibus
487 1891 517 1942 et
529 1885 756 1959 responsionibus
769 1888 848 1942 iuxta
859 1892 969 1943 stetuts
980 1888 1055 1958 regie
1071 1888 1214 1959 requisitis
1226 1894 1255 1942 et
1266 1905 1341 1942 enno

253 1972 382 2043 sequenti
395 1973 570 2044 perficiendis
582 1973 704 2028 sufficiet
717 1975 742 2029 ei
754 1973 790 2028 cd
803 1974 967 2029 intrandum
984 1975 1013 2028 in
1029 1991 1108 2028 sacre
1120 1973 1258 2043 theologia
1293 1974 1340 2028 Sic

254 2059 328 2130 quod
340 2059 511 2116 admittetur
521 2062 593 2116 citra
604 2062 707 2116 festum
724 2061 851 2117 omnium
867 2067 1029 2116 sanctorum
1046 2060 1100 2116 sub
1112 2079 1186 2133 peno
1201 2062 1339 2116 cautionis

253 2149 336 2204 realis
348 2149 434 2223 trium
447 2148 583 2222 librarum
625 2149 723 2220 (Verte
735 2154 810 2204 retro
822 2149 858 2204 nd
871 2149 928 2205 tole
940 2149 1063 2220 signum)
1079 2149 1117 2222 [p.
1132 2147 1178 2221 73]

184 2235 258 2290 Item
282 2235 444 2291 conceditur
467 2237 602 2308 megIstno
622 2236 699 2308 Ayre
718 2234 841 2290 admisso
865 2235 901 2290 sd
920 2235 1109 2306 incipiendum
1132 2235 1160 2290 iu
1180 2235 1289 2290 artibus
1307 2241 1339 2291 vt

254 2326 344 2396 possit
367 2325 424 2380 iem
448 2325 597 2380 actualiter
621 2325 744 2397 profiteri
765 2324 794 2380 in
813 2323 929 2379 eiisdem
949 2323 1082 2394 quoniam
1104 2324 1246 2394 preteritis
1266 2343 1339 2380 com·

254 2413 344 2468 mitiis
356 2413 491 2470 iuteresse
507 2414 587 2469 seriis
603 2413 724 2484 negociis
741 2413 904 2485 prepeditus
919 2419 949 2468 et
965 2415 1061 2469 futuru
1077 2413 1137 2468 sine
1150 2413 1272 2468 monimo
1288 2431 1340 2468 suo

254 2501 400 2574 dispendio
417 2507 563 2574 expectere
580 2519 636 2558 non
657 2505 752 2573 potest
789 2501 835 2556 lta
855 2505 950 2556 temen
968 2501 1044 2573 quod
1062 2519 1096 2556 es
1113 2501 1208 2556 omnis
1225 2509 1340 2574 peraget

253 2609 310 2662 que
327 2609 377 2663 per
393 2596 504 2648 statute
521 2593 597 2663 rems
614 2590 651 2647 eb
668 2609 701 2646 eo
718 2591 868 2662 exiguntur

185 2681 258 2736 Item
271 2681 434 2736 conceditur
450 2687 482 2735 vt
497 2681 659 2753 omnesqui
675 2679 782 2735 hebent
797 2679 942 2735 cautiones
958 2697 1013 2735 uon
1030 2683 1233 2752 superonustus
1249 2697 1340 2752 neque

255 2764 447 2822 fraudulenter
469 2771 618 2823 renovatus
641 2766 758 2822 inullis
781 2767 868 2838 cistis
883 2766 1045 2821 echodemie
1069 2767 1122 2821 nisi
1147 2767 1276 2822 venerint
1294 2766 1340 2821 die

257 2853 372 2910 Veneris
383 2856 510 2928 proxImo
524 2855 592 2910 hore
609 2856 700 2927 prima
716 2860 745 2911 et
761 2855 902 2911 rediment
918 2872 973 2910 non
990 2861 1124 2926 poterunt
1139 2855 1249 2910 easdem
1267 2857 1338 2912 redi-

255 2959 330 2997 mens
341 2949 408 2997 ente
420 2940 551 2998 ultimum
562 2943 638 2998 diem
650 2943 771 3013 Augusti
