3378 5116
756 265 869 314 onice
892 266 985 314 soon
1009 266 1029 312 n
1302 251 1467 334 [iste-54

651 613 882 680 Bacchalaurei
904 615 939 681 in
962 615 1126 703 theologia

311 785 345 841 In
358 787 458 858 primis
470 789 633 845 conceditur
644 789 779 860 magistro
792 789 997 846 Christoserson
1010 793 1133 864 prefecto
1145 791 1252 864 collegii
1269 791 1419 847 Trinitatis
1436 796 1467 846 vt

380 876 507 932 studium
521 879 536 935 7
549 896 688 934 annorum
700 879 730 933 in
742 878 881 949 theologia
892 884 1042 950 postquam
1055 882 1158 936 rexerit
1170 881 1199 934 in
1212 878 1322 935 artibus
1334 896 1389 934 vna
1401 896 1465 933 cum

380 963 490 1022 duobus
501 965 677 1021 sermonibus
690 984 745 1020 vno
757 966 792 1020 ad
805 966 910 1022 elerum
922 966 1011 1023 altero
1025 968 1060 1023 ad
1073 987 1184 1024 crucem
1199 969 1277 1024 Pauli
1290 974 1396 1023 etcum
1412 984 1467 1021 vna

380 1054 558 1124 responsione
580 1053 623 1108 vel
641 1052 770 1125 pluribus
791 1054 815 1108 si
836 1054 984 1124 exigantur
1002 1056 1143 1110 sufficient
1167 1057 1192 1110 ei
1214 1055 1249 1110 ad
1268 1054 1465 1128 opponendum

380 1147 409 1196 et
428 1141 592 1197 intrandum
609 1142 639 1196 in
659 1159 737 1196 saera
754 1140 895 1212 theologia
927 1140 974 1197 Ita
991 1143 1066 1214 quod
1086 1161 1150 1198 cum
1169 1144 1254 1198 semel
1272 1145 1363 1198 lactus
1381 1143 1467 1198 fuerit

379 1228 507 1284 sacerdos
519 1229 609 1301 possit
619 1229 734 1284 admitti
747 1228 782 1283 ad
796 1228 932 1300 placitum
945 1236 975 1284 et
986 1235 1044 1286 stet
1057 1248 1200 1302 opponens
1212 1249 1300 1302 vsque
1311 1230 1348 1286 ad
1361 1231 1465 1286 festum

379 1316 507 1372 Barnabe

310 1403 383 1458 Item
396 1403 558 1459 conceditur
568 1402 717 1459 venerabili
727 1403 787 1458 viro
796 1403 900 1458 Ioanni
909 1403 1004 1459 Weale
1016 1404 1153 1474 graduato
1162 1405 1277 1460 Oxoniis
1286 1411 1316 1461 et
1328 1405 1466 1461 sacellano

379 1494 555 1548 serenissime
572 1493 684 1549 domine
703 1493 808 1563 Regina
826 1497 858 1548 vt
874 1492 1001 1547 studium
1019 1510 1188 1548 sannorum
1205 1494 1234 1548 in
1253 1494 1393 1564 theologia
1409 1511 1465 1548 vna

379 1599 443 1636 cum
462 1581 571 1637 duobus
592 1581 768 1637 sermonibus
792 1600 848 1636 vno
869 1581 905 1638 ad
925 1581 1030 1637 clerum
1048 1582 1136 1637 altero
1155 1582 1190 1636 ad
1209 1600 1319 1637 crucem
1338 1581 1416 1637 Pauli
1435 1586 1465 1636 et

377 1686 442 1723 cum
456 1687 511 1724 vna
523 1670 701 1741 responsione
714 1669 758 1724 vel
771 1669 898 1741 pluribus
910 1671 933 1724 si
947 1669 1094 1741 exigantur
1105 1687 1180 1724 anno
1190 1671 1316 1740 proximo
1327 1669 1381 1724 sub
1392 1686 1465 1741 pena

379 1759 518 1814 cautionis
530 1759 613 1814 realis
627 1769 749 1829 quatuor
764 1757 900 1814 librarum
912 1758 1040 1830 ponende
1059 1759 1088 1814 in
1106 1757 1237 1813 manibus
1253 1762 1463 1829 procuratorum

373 1849 531 1917 antequam
554 1846 724 1902 admittatur
746 1845 876 1901 habenda
900 1846 1021 1901 sufficiat
1038 1847 1064 1902 ei
1082 1845 1118 1901 ad
1137 1845 1301 1901 intrandum
1319 1846 1349 1910 in
1366 1845 1463 1901 eadem

379 1936 513 1992 facultate
531 1941 560 1990 et
578 1939 636 1990 stet
653 1952 796 2008 opponens
817 1952 905 2006 vsque
923 1934 958 1990 ad
977 1935 1081 1990 festum
1105 1934 1230 1990 Barnabe
1249 1939 1278 1989 et
1295 1933 1465 1989 admittatur

379 2029 440 2080 tam
467 2023 503 2080 ad
530 2023 727 2096 opponendum
754 2041 841 2094 quam
870 2023 1035 2078 intrandum
1059 2024 1269 2095 quamprimum
1294 2023 1402 2078 venerit
1427 2021 1463 2077 ad

378 2113 569 2169 achademiam

310 2202 383 2256 Item
396 2201 557 2257 conceditur
572 2203 690 2272 Georgio
707 2201 823 2257 Bullock
840 2209 872 2256 vt
890 2206 904 2257 7
921 2203 988 2256 anni
1006 2203 1035 2255 in
1052 2202 1147 2257 studio
1164 2201 1301 2272 theologie
1314 2206 1463 2272 postquam

380 2291 482 2346 rexerit
494 2291 522 2345 in
536 2289 646 2344 artibus
658 2307 713 2344 vna
725 2307 790 2345 cum
802 2290 982 2361 responsione
994 2288 1038 2345 sel
1049 2288 1178 2360 pluribus
1192 2290 1217 2343 ai
1233 2289 1382 2360 exigantur
1397 2292 1464 2344 ante

379 2377 576 2434 admissionem
594 2395 673 2433 suam
691 2383 797 2432 etcum
811 2377 921 2434 duobus
937 2377 1113 2432 sermonibus
1130 2395 1185 2432 vno
1201 2378 1236 2432 ad
1255 2377 1360 2432 clerum
1376 2378 1464 2432 altero

379 2466 414 2522 ad
432 2484 543 2521 crucem
562 2466 641 2520 Pauli
660 2466 781 2520 sufficiat
798 2464 852 2520 sibi
874 2465 910 2520 nd
929 2465 1092 2520 intrandum
1111 2467 1139 2519 in
1162 2465 1301 2535 theologia
1324 2466 1364 2519 sic
1388 2465 1463 2536 quod

379 2555 462 2608 licent
473 2553 527 2608 sibi
544 2553 650 2607 intrare
665 2553 890 2624 quandocunque
903 2553 1022 2608 voluerit
1038 2560 1068 2607 et
1084 2553 1197 2607 duxerit
1213 2557 1382 2624 oportunum
1400 2559 1464 2624 post

379 2643 438 2696 eius
449 2640 647 2695 admissionem
660 2650 689 2694 et
701 2645 759 2694 stet
771 2659 913 2712 opponens
926 2659 1013 2710 vsque
1025 2640 1060 2695 ad
1074 2641 1222 2694 introitum

310 2731 383 2784 Item
402 2729 563 2784 conceditur
584 2729 718 2798 magistro
738 2729 864 2784 Redman
884 2734 915 2784 vt
933 2728 1059 2783 studium
1078 2735 1250 2784 sannorum
1276 2729 1305 2782 in
1325 2727 1464 2799 theologia

379 2823 528 2888 postquam
554 2817 657 2870 rexerit
681 2815 709 2869 in
728 2815 838 2870 artibus
859 2833 915 2870 vnn
939 2833 1002 2870 eum
1028 2816 1207 2886 responsione
1227 2815 1270 2870 vel
1291 2813 1420 2886 pluribus
1439 2817 1464 2870 si

378 2906 525 2976 exigantur
537 2908 566 2959 et
578 2921 642 2958 cum
655 2903 765 2959 duobus
777 2904 953 2959 sermonibus
965 2922 1020 2959 vno
1033 2905 1069 2960 ad
1081 2906 1187 2960 clerum
1201 2905 1290 2960 altero
1301 2904 1337 2960 ad
1354 2923 1463 2960 crucem

381 2993 459 3048 Pauli
477 2991 597 3047 sufficiat
613 2990 689 3046 eiad
707 2991 870 3047 intrandum
888 2993 918 3047 in
935 2991 1032 3048 eadem
1051 2992 1186 3048 facultate
1202 2997 1231 3047 et
1245 2997 1303 3048 stet
1320 3011 1464 3064 opponens

379 3100 467 3152 vsque
478 3080 514 3137 ad
527 3081 631 3135 festum
644 3079 771 3135 Barnabe
783 3085 813 3135 et
825 3081 875 3136 liat
886 3080 1015 3137 sacerdos
1026 3087 1179 3152 antequam
1191 3081 1361 3138 admittatur

208 3195 213 3202 ·
310 3170 415 3227 Eadem
427 3171 518 3242 gratia
534 3169 569 3224 de
586 3169 669 3224 verbo
686 3169 715 3224 in
732 3169 849 3225 verbum
865 3170 1028 3226 conceditur
1042 3171 1183 3240 magistris
1201 3170 1301 3226 Rudde
1313 3173 1463 3228 Godshalse

379 3263 409 3315 et
421 3259 571 3331 Atkynson

310 3350 384 3404 Item
407 3346 569 3404 conceditur
592 3345 708 3401 eiisdem
733 3352 765 3400 vt
789 3347 983 3417 responsiones
1007 3347 1160 3418 theologice
1184 3348 1220 3404 ad
1241 3367 1312 3419 ques
1331 3355 1464 3405 tenentur

379 3437 490 3493 raeione
500 3434 603 3507 gradus
615 3434 784 3506 suscipiendi
801 3434 905 3490 differri
922 3437 1033 3507 possint
1045 3437 1086 3492 sic
1101 3436 1178 3506 quod
1194 3437 1264 3491 fiant
1275 3439 1347 3492 citra
1358 3437 1462 3493 festum

380 3526 486 3581 Pascha
500 3525 658 3598 proximum
676 3523 729 3578 sub
741 3541 814 3595 pena
825 3525 966 3580 caucionis
978 3527 1061 3581 realis
1078 3527 1127 3580 xls
1142 3524 1270 3597 ponende
1286 3526 1316 3580 in
1333 3525 1463 3582 manibus

378 3619 590 3687 procuratorum
608 3619 760 3683 antequam
779 3611 967 3667 admittantur

309 3706 383 3761 Item
401 3703 565 3759 conceditur
582 3702 714 3772 magistro
733 3700 882 3756 Hawl'arde
900 3707 933 3755 vt
948 3701 1074 3756 studium
1093 3707 1108 3758 7
1126 3719 1263 3756 annorum
1279 3702 1308 3756 in
1326 3701 1464 3775 theologia

378 3797 528 3863 postquam
549 3789 652 3844 rexerit
671 3789 700 3843 in
719 3787 829 3842 artibus
848 3805 904 3843 vna
928 3806 992 3843 cum
1016 3789 1126 3844 duobus
1150 3788 1325 3844 sermonibus
1349 3807 1404 3845 vno
1427 3789 1464 3845 ad

378 3880 483 3935 clerum
501 3877 590 3932 altero
606 3875 641 3930 ad
660 3893 771 3931 crucem
789 3875 869 3930 Pauli
885 3879 914 3930 et
931 3893 995 3931 cum
1012 3895 1067 3931 vna
1083 3877 1263 3948 responsione
1279 3876 1322 3932 vel
1336 3877 1464 3949 pluribus

377 3971 400 4024 si
420 3969 568 4038 exigantur
588 3984 663 4020 anno
681 3966 808 4037 proximo
827 3965 964 4020 habendis
982 3964 1035 4020 sub
1052 3983 1125 4036 pena
1146 3965 1287 4020 caucionis
1307 3965 1389 4021 realis
1413 3967 1464 4024 xls

377 4054 506 4128 ponende
530 4055 558 4108 in
584 4053 715 4109 manibus
739 4058 952 4124 procuratorum
972 4057 1123 4124 antequam
1148 4052 1319 4108 admittatur
1342 4054 1463 4111 sufficiat

379 4145 404 4199 ei
417 4150 476 4199 tam
493 4143 528 4198 ad
545 4141 742 4214 opponendum
760 4159 845 4213 quam
863 4141 1027 4197 intrandum
1045 4142 1074 4196 in
1091 4141 1231 4212 theologia
1248 4149 1278 4196 et
1294 4141 1464 4200 admittatur

377 4251 441 4288 cnm
454 4232 554 4288 ceteris
566 4233 595 4285 in
608 4232 681 4286 sesto
694 4229 823 4285 Barnabe

308 4322 414 4381 Eadem
426 4322 517 4394 gratia
528 4318 563 4375 de
577 4318 660 4374 verbo
672 4319 701 4374 in
715 4317 832 4374 verbum
843 4317 1006 4374 conceditur
1019 4319 1152 4390 mmhtro
1166 4317 1309 4392 Percyvell
