3378 5116
157 345 326 429 1555-56]
609 361 722 409 calon
745 362 839 410 soon
863 361 885 408 e

155 515 230 570 Item
246 515 415 571 ¹conceditur
435 515 542 571 doctori
565 516 668 588 Blythe
686 520 719 570 vt
740 515 844 572 habeat
865 516 963 572 literas
981 515 1119 587 sigillatas
1136 532 1187 571 sue
1205 532 1318 571 conuer-

226 603 347 658 sacicnis
365 607 395 657 et
412 603 515 674 gradus
533 604 625 674 sigillo
643 608 737 658 vestm
755 604 898 658 communi

155 691 263 746 Eadem
274 691 368 762 gracia
380 709 511 747 concessa
523 697 567 748 est
578 693 714 763 magistro
726 692 850 748 Recorde
862 693 969 748 doctori
983 694 1012 747 in
1025 691 1164 748 medicina

156 779 230 836 Item
255 779 419 836 conceditur
440 786 471 836 vt
494 783 567 837 ratio
591 783 661 837 ciete
685 783 843 837 communis
863 787 893 837 et
913 783 1034 837 aliarum
1054 783 1190 838 cistarum
1210 781 1315 837 differri

226 871 317 940 possit
334 869 375 925 sic
391 871 466 941 quod
484 872 646 943 perficiatur
664 872 736 928 citra
753 872 859 928 festum
877 873 969 926 sancti
986 870 1098 926 Andree
1114 872 1175 926 sine
1190 871 1315 927 ulteriori

227 958 366 1014 dilacione

156 1049 232 1103 Item
249 1047 413 1104 conceditur
432 1052 465 1104 vt
482 1049 528 1104 die
543 1049 626 1106 Jonis
641 1050 768 1122 proximo
785 1050 836 1105 fiat
850 1049 1008 1121 disputatio
1024 1049 1180 1120 theologica
1195 1066 1252 1104 non
1268 1047 1315 1103 cb·

226 1141 322 1193 stante
333 1137 409 1210 quod
421 1137 481 1194 dies
492 1139 531 1194 sit
543 1157 599 1194 non
612 1138 793 1212 disputabilis
805 1139 835 1194 in
848 1139 946 1195 tabula

156 1227 232 1282 Item
248 1227 410 1283 conceditur
422 1232 454 1283 vt
470 1229 614 1300 responsio
629 1229 786 1300 theologica
802 1228 937 1300 adquam
952 1233 1065 1284 tenetur
1076 1228 1210 1300 magister
1222 1227 1314 1284 Chris·

226 1315 350 1370 tolerson
374 1316 534 1388 prepositus
557 1317 665 1388 collegii
690 1317 840 1372 'll-initetis
863 1317 974 1372 racione
997 1315 1100 1388 gradus
1124 1316 1168 1370 sui
1191 1316 1315 1388 suscepti

226 1407 340 1475 propter
357 1404 453 1474 gravia
470 1405 584 1476 negocia
600 1423 655 1476 que
671 1405 808 1461 hactenus
824 1404 925 1461 habuit
940 1408 970 1460 et
986 1403 1135 1460 habiturus
1150 1412 1195 1460 est
1209 1403 1315 1459 differri

225 1491 317 1563 pessit
329 1492 358 1547 in
371 1509 478 1548 annum
489 1494 650 1564 proximum

156 1577 231 1634 Item
247 1578 409 1635 conceditur
423 1584 455 1634 vt
471 1585 587 1652 prepter
602 1581 765 1638 char-letiam
782 1581 949 1636 victualium
965 1584 995 1636 et
1011 1579 1134 1652 plurima
1149 1583 1316 1650 argumente

225 1667 321 1722 future
337 1668 425 1739 pestis
440 1668 493 1724 hac
509 1675 601 1726 estate
613 1671 753 1726 terminus
764 1669 882 1726 dissolui
894 1671 984 1742 poenit
995 1669 1079 1725 hodie
1090 1669 1135 1724 vel
1147 1687 1208 1724 cras
1220 1670 1315 1740 (provt

225 1755 340 1810 domino
361 1756 586 1814 vicecancellaric
606 1759 699 1814 visum
720 1759 775 1814 erit
794 1763 824 1814 et
842 1757 1005 1814 achademie
1025 1758 1139 1828 negocia
1155 1756 1314 1828 pacientur)

226 1861 314 1916 vsque
331 1843 367 1899 ad
385 1846 531 1902 commitis
550 1847 677 1917 proxima
695 1847 738 1902 viu
757 1851 795 1903 6ΙΙὶ
812 1845 883 1901 Julii
901 1849 931 1900 et
948 1845 1157 1917 disputacicnes
1175 1844 1314 1900 ordinarie

225 1933 340 1988 interim
356 1933 446 1990 fienda
462 1943 599 2006 tanquam
616 1935 690 1991 facte
705 1938 875 1992 censeantur
890 1952 947 1990 non
962 1934 1054 1990 solum
1067 1933 1161 2005 quoad
1176 1934 1314 2004 Rogantes

225 2021 421 2093 disputaturos
436 2027 466 2078 et
482 2023 697 2080 bacchalaurecs
713 2040 895 2095 responsuros
912 2022 961 2078 sed
977 2022 1065 2078 etiam
1081 2021 1174 2094 quoad
1191 2021 1314 2077 bedellos

227 2108 274 2164 Ite
292 2113 389 2165 tamen
408 2115 442 2165 ut
459 2111 690 2182 congregaciones
709 2110 896 2166 admissiones
913 2109 1122 2181 disputaciones
1139 2109 1170 2164 in
1190 2127 1312 2180 quacun-

225 2215 280 2269 que
297 2198 432 2253 iacultete
447 2199 699 2255 determineciones
714 2206 743 2255 et
759 2201 907 2256 conciones
918 2199 955 2255 ad
967 2200 1072 2256 clerum
1085 2199 1120 2269 (si
1133 2215 1204 2270 opus
1216 2199 1313 2269 luerit)

225 2290 255 2340 et
267 2285 323 2341 aha
334 2287 466 2342 exercitia
477 2286 592 2358 perinde
603 2287 675 2344 fiant
686 2304 720 2342 ec
731 2287 756 2342 si
767 2287 907 2342 terminus
919 2305 974 2342 non
984 2286 1184 2342 dissolueretur
1196 2286 1313 2342 arbitrio

225 2379 320 2429 tamen
334 2375 542 2445 procencellarii
554 2381 584 2430 et
596 2376 795 2447 magistrorum
806 2379 1018 2447 procuratorum

154 2461 230 2518 Item
246 2461 408 2517 conceditur
424 2463 559 2534 magistro
575 2464 677 2520 Stokes
688 2464 796 2534 collegii
814 2463 956 2536 Reginalis
968 2467 1001 2518 vt
1012 2463 1051 2518 sit
1063 2463 1218 2520 sacellarius
1230 2464 1311 2519 echa·

224 2549 315 2606 demie
327 2552 387 2606 vice
398 2557 428 2606 et
439 2551 500 2607 loco
512 2553 639 2624 magistri
652 2553 723 2608 Dele

154 2638 230 2694 Item
250 2641 413 2696 conceditur
432 2649 465 2696 vt
488 2642 686 2698 determinatio
707 2647 737 2697 et
758 2642 915 2714 disputatio
938 2641 975 2697 ed
993 2658 1066 2713 quas
1083 2645 1198 2696 tenetm
1214 2639 1343 2698 doctori.
1361 2639 1428 2698 seb

225 2730 343 2784 Wateon
355 2730 408 2785 hoc
419 2748 494 2785 anno
505 2730 612 2786 differri
624 2732 715 2802 possit
727 2731 757 2785 in
769 2732 929 2803 proximum
941 2748 1050 2786 annum

154 2817 260 2874 Eadem
272 2821 363 2890 gretia
375 2821 538 2876 conceditur
548 2821 656 2877 doctori
669 2820 810 2892 Langdele

153 2907 228 2961 Item
241 2907 403 2964 conceditur
412 2915 444 2963 vt
455 2908 588 2964 dominus
599 2909 842 2964 vicecancellarius
854 2909 982 2966 doctores
995 2909 1093 2982 Yonge
1105 2913 1135 2965 et
1147 2909 1312 2982 Segeswyke

225 2993 352 3065 magistri
376 2994 535 3067 Perpoynte
555 3000 583 3050 et
605 2999 800 3066 procuratores
820 2989 948 3051 habeant
964 2999 1087 3051 vestram
1108 2997 1311 3052 authoritatem

224 3082 398 3154 concipiendi
417 3088 447 3138 et
464 3083 639 3139 describendi
657 3083 754 3139 literas
772 3083 808 3139 ad
826 3102 969 3140 summum
988 3084 1090 3156 Anglie
1107 3085 1311 3140 Oancellarium

224 3172 386 3243 episcopum
408 3171 549 3227 Ellensem
571 3176 600 3228 et
625 3173 748 3228 Berones
773 3173 898 3229 Scakerii
921 3174 1029 3229 domini
1051 3173 1135 3245 Regis
1155 3178 1185 3230 et
1207 3175 1311 3245 Regius

224 3277 274 3331 pro
291 3260 463 3316 relaxacione
480 3265 544 3316 taxe
560 3264 590 3316 et
606 3261 725 3316 subsidii
738 3277 860 3332 quorum
876 3261 1065 3316 solucicnibus
1081 3261 1185 3332 alioqui
1202 3263 1310 3317 onerari

223 3346 358 3403 deberent
376 3365 432 3402 non
451 3347 543 3403 solum
561 3348 731 3403 scholarium
749 3347 848 3403 famuli
865 3347 913 3402 sed
930 3351 960 3403 et
975 3347 1105 3419 graduati
1122 3352 1152 3403 et
1166 3349 1312 3420 graminea

223 3436 385 3491 achademie
429 3437 468 3490 Et
489 3441 640 3508 postquem
661 3436 818 3508 conscripta
839 3441 908 3491 sunt
928 3437 1086 3508 sigillentur
1106 3437 1198 3507 sigillo
1217 3443 1311 3493 vestro

223 3526 366 3580 communi
382 3525 465 3580 modo
480 3525 581 3580 horum
598 3525 688 3581 maior
705 3542 771 3596 pers
789 3525 963 3580 consenserit
979 3529 1009 3580 et
1025 3543 1119 3580 coram
1135 3524 1215 3580 vobis
1232 3525 1310 3598 prius

223 3614 353 3685 legantur
370 3619 400 3669 et
417 3613 608 3685 approbentur

152 3703 227 3758 Item
243 3703 405 3759 conceditur
419 3707 451 3757 vt
468 3703 601 3774 magister
618 3701 717 3757 Shawe
733 3703 772 3757 sit
788 3719 861 3758 vnus
877 3719 911 3758 ex
927 3701 1149 3774 predicatoribus
1165 3701 1219 3756 hoc
1234 3721 1310 3758 anno

222 3797 252 3848 et
267 3809 352 3864 super
366 3792 420 3846 hac
432 3794 525 3846 vestra
537 3791 713 3846 concessione
728 3789 831 3846 habeat
847 3791 943 3846 literas
959 3788 1097 3862 sigillatas
1113 3790 1204 3863 sigillo
1216 3796 1310 3847 vestro

223 3898 365 3936 commum

152 3972 228 4025 Item
243 3969 406 4025 conceditur
420 3967 528 4025 doctori
545 3967 720 4041 Standysshe
733 3972 765 4024 vt
781 3967 857 4023 illius
871 3967 1004 4023 admissio
1016 3968 1045 4023 in
1058 3967 1206 4024 medicinis
1217 3968 1310 4025 tribus

221 4059 258 4114 ab
277 4057 343 4114 hinc
361 4058 445 4112 annis
463 4057 562 4114 habita
581 4076 638 4113 uua
654 4075 720 4113 cum
736 4058 866 4113 conuiuio
883 4056 959 4112 inter
977 4059 1129 4130 superioris
1150 4059 1217 4114 anni
1235 4077 1309 4115 com-

224 4150 395 4202 mensatores
411 4147 537 4202 coniecto
553 4151 611 4202 stet
628 4147 654 4201 ei
672 4164 723 4217 pro
740 4145 888 4216 completis
902 4145 990 4216 gradu
1003 4151 1032 4200 et
1046 4146 1134 4200 forma
1146 4146 1308 4203 doctoratus

222 4237 252 4292 in
273 4235 370 4292 eadem
395 4237 531 4292 facultate
575 4235 622 4290 Ite
643 4235 719 4306 quod
743 4233 910 4305 respondeat
934 4240 1001 4289 ante
1023 4234 1129 4290 Pascha
1149 4235 1308 4306 proximum

223 4323 379 4397 (respondit
396 4323 519 4396 mci-gab)

1149 4498 1227 4557 8-2
