3394 5114
605 373 719 422 unice
741 373 835 420 BOOK
859 373 879 420 Δ

504 759 593 826 Ordo
615 754 814 823 senioritetie
837 752 1014 818 eorundem

679 944 787 1001 Ruetell
1012 940 1141 994 Banuwe

680 1035 772 1089 Drent
1013 1025 1172 1082 Woulwurd

679 1119 816 1177 Hewlend
1014 1115 1131 1170 Brewne

681 1209 780 1264 Menon
1016 1201 1132 1272 Gybeon

679 1295 836 1368 Wyckhem
1016 1290 1113 1344 Towur

681 1383 783 1439 Fui-fex
1013 1377 1122 1433 Orebbe

683 1474 759 1544 Ayur
1016 1467 1175 1538 Dunnynge

683 1559 810 1631 Rokerey
1017 1551 1243 1625 Devye[Devid]

683 1647 818 1719 Grundey
1017 1643 1145 1700 Johnson

680 1739 771 1794 takes
1016 1734 1110 1790 Oooke

341 1831 505 1886 Oockcroite
681 1825 832 1898 cardynall
1017 1822 1136 1877 Wemer

343 1918 491 1989 Leughton
681 1914 806 1986 Lyniord
1017 1909 1165 1982 Byehoppe

344 2008 465 2079 Helgete
682 2003 767 2059 Owen
1016 1995 1137 2068 Smythe

187 2187 270 2241 Mem.
283 2182 358 2256 quod
371 2181 506 2252 magister
518 2180 595 2234 Lunt
607 2182 698 2233 morte
710 2180 914 2247 preoccupatus
926 2190 981 2228 non
994 2177 1038 2227 eet
1050 2170 1235 2240 inauguratus

651 2511 880 2596 Incorporetus

188 2716 358 2772 Conceditur
369 2716 467 2788 xxviij⁰
478 2715 593 2770 Junuer.
607 2715 651 2769 Jo.
666 2714 770 2769 Perker
787 2713 903 2768 Oxoniie
918 2713 947 2767 in
966 2719 1027 2767 arte
1044 2713 1177 2783 magistro
1195 2716 1226 2767 vt
1242 2713 1281 2767 sit
1298 2711 1344 2766 hie

258 2803 334 2876 apud
352 2822 404 2858 noe
421 2805 451 2858 in
469 2803 574 2859 eisdem
595 2803 685 2874 gradu
705 2807 735 2858 et
756 2819 830 2858 anno
851 2801 956 2873 quibus
977 2802 1033 2856 fuit
1052 2801 1082 2856 in
1103 2801 1180 2856 dictu
1201 2800 1345 2856 academia

259 2890 410 2947 Oxoniensi

537 3248 758 3313 Praetieentes
780 3247 814 3310 in
839 3245 1000 3310 medicina

188 3444 358 3500 Coueeditur
369 3445 415 3499 xix
428 3443 497 3499 Maii
512 3443 648 3498 Nieholeo
665 3442 763 3499 Butler
779 3443 809 3496 in
825 3443 935 3498 artibus
951 3445 1085 3514 magistro
1099 3449 1129 3499 et
1145 3445 1220 3500 socio
1236 3445 1344 3515 collegii

259 3530 318 3586 divi
333 3531 408 3586 Petri
420 3536 452 3584 vt
464 3529 591 3585 ntudium
601 3547 619 3584 v
629 3546 767 3584 annorum
780 3529 809 3583 iu
822 3529 961 3585 medicina
973 3531 1093 3586 sufficiat
1105 3533 1131 3586 ei
1143 3532 1179 3587 ed
1189 3533 1343 3603 practicen-

260 3620 328 3675 dum
345 3619 375 3674 in
391 3619 488 3674 eadem
505 3619 642 3673 facultate
658 3618 699 3672 eie
715 3623 748 3672 vt
763 3618 824 3672 eius
836 3617 957 3672 eruditio
969 3620 1145 3675 examinetur
1156 3637 1205 3691 per
1217 3620 1344 3676 doctores

260 3707 316 3763 car
332 3711 362 3761 et
380 3705 493 3776 Lorkyn
509 3711 539 3760 et
555 3721 606 3775 per
620 3721 708 3759 vnum
725 3721 821 3758 eorum
838 3708 1017 3775 presentetur
1032 3709 1062 3760 et
1079 3724 1163 3778 super
1179 3707 1232 3762 hee
1250 3712 1344 3762 vestre

260 3795 436 3850 eoncessione
447 3793 543 3849 literae
555 3792 658 3848 hebeat
669 3792 831 3864 obsignatae
843 3793 935 3863 sigillo
947 3800 1041 3849 vestro
1057 3796 1199 3850 communi
1216 3800 1276 3850 tem
1292 3813 1343 3867 pro

261 3884 314 3938 hec
325 3883 439 3939 lieentia
447 3890 541 3938 vestre
549 3899 636 3954 quem
648 3899 699 3954 pro
710 3883 923 3938 conversacione
934 3888 964 3939 et
975 3882 1063 3954 gradu
1075 3885 1135 3939 suis
1162 3884 1344 3940 Preeentetue

260 3989 311 4044 per
321 3971 466 4027 doctorem
478 3971 591 4043 Lorkyn
603 3971 650 4043 ij⁶⁰
661 3971 731 4026 Julii

190 4059 361 4119 Conceditur
375 4060 475 4116 ultimo
492 4060 561 4116 Maii
578 4061 712 4132 megisti-0
731 4059 849 4116 Ricardo
867 4059 987 4133 Smythe
1004 4061 1111 4132 collegii
1129 4060 1187 4117 divi
1204 4059 1344 4118 Johannis

261 4149 336 4204 eoeio
347 4153 379 4205 vt
390 4147 517 4204 studium
529 4153 652 4220 quatuor
662 4165 799 4204 annorum
815 4149 845 4203 in
860 4147 998 4204 medicine
1012 4149 1132 4204 sufficiet
1148 4149 1173 4204 ei
1189 4149 1226 4204 ud
1241 4149 1344 4221 praeti-

262 4236 383 4292 eendum
404 4237 434 4291 in
455 4236 552 4292 eedem
573 4243 603 4292 et
623 4254 707 4309 super
729 4236 782 4291 hee
806 4241 900 4293 vestm
923 4235 1100 4292 eoneeseione
1123 4236 1219 4292 literae
1241 4236 1345 4293 hebeat

261 4323 422 4465 obeilgnetee
434 4325 524 4395 sigillo
537 4329 630 4380 vestro
641 4325 785 4379 eommuni
822 4324 1004 4380 Preeentetue
1015 4341 1066 4394 per
1077 4323 1220 4379 doctorem
1232 4324 1344 4396 Lorkyn

244 4412 297 4466 '21
328 4411 387 4466 unii
1295 4423 1298 4430 ¹
1334 4437 1337 4442 ·
