3378 5116
187 346 355 431 1554-55]
627 363 740 413 culon
762 364 854 413 noos
878 365 902 414 Δ

641 855 889 942 [rsus-1555]

185 1057 302 1124 Gratis
331 1081 482 1126 concesse
512 1060 546 1125 in
576 1060 674 1148 plena
703 1065 958 1151 congregacione
988 1066 1189 1155 Regentium
1216 1079 1251 1135 et
1277 1093 1341 1135 non
1356 1067 1377 1126 f·
1393 1067 1433 1127 40
1446 1088 1465 1126 a

273 1162 500 1250 [Regentium]
532 1187 553 1231 a
582 1167 666 1231 festo
695 1167 800 1232 sancti
838 1168 1007 1235 Michaelis
1029 1171 1227 1260 'archangeli
1256 1197 1342 1240 anno

272 1267 396 1334 domini
425 1273 511 1334 1554
541 1292 642 1356 vsque
672 1271 713 1336 ad
744 1271 832 1337 idem
864 1273 985 1338 festum
1016 1297 1055 1340 ex
1087 1290 1166 1343 tunc
1197 1278 1342 1364 proxime

271 1394 411 1459 sequens
463 1374 628 1442 Willelmo
654 1376 742 1462 Glyn
764 1399 852 1444 sacre
879 1378 1044 1468 theologie
1066 1381 1243 1467 professore
1268 1405 1341 1470 pro-

272 1478 463 1544 concellario
478 1488 513 1545 et
528 1480 693 1566 magistris
710 1480 837 1546 Thome
856 1482 978 1568 Baylye
995 1492 1029 1549 et
1046 1483 1201 1571 Gregorio
1217 1485 1341 1552 Garthe

273 1588 352 1646 tuno
374 1582 637 1668 procuratoribus

546 1783 777 1849 Bacchelourei
800 1783 833 1848 in
857 1784 984 1850 artibus

185 1945 222 2000 In
240 1945 340 2018 primis
357 1945 519 2001 conceditur
537 1945 681 2016 Stephano
698 1945 796 2001 Whito
813 1951 845 2000 vt
865 1950 896 2000 ll
916 1945 1031 2002 termini
1049 1948 1153 2019 partim
1172 1948 1218 2003 hic
1235 1951 1340 2022 partim

257 2034 373 2090 Oxoniis
396 2053 460 2090 cum
485 2053 518 2110 eo
542 2035 571 2089 in
596 2052 652 2105 quo
676 2034 916 2090 determinaturus
939 2039 983 2091 est
1007 2037 1162 2108 inquibus
1185 2039 1340 2095 ordinarias

256 2124 389 2179 lectiones
409 2122 520 2178 audiuit
541 2139 591 2193 per
612 2123 744 2177 maiorem
767 2126 877 2193 portem
898 2123 928 2177 in
950 2129 1011 2178 tcto
1030 2141 1095 2180 cum
1114 2126 1340 2197 opposicionibus

256 2220 285 2268 et
308 2211 535 2283 responsionibus
559 2212 639 2266 iuxta
662 2212 781 2266 formam
805 2213 908 2267 statuti
931 2213 1074 2284 requisitis
1096 2215 1236 2271 sufficiant
1257 2217 1283 2272 ei
1303 2216 1340 2272 ed

255 2298 481 2372 respondendum
498 2299 640 2370 questioni

185 2389 260 2445 Item
278 2388 440 2445 conceditur
458 2388 562 2444 Joeuni
581 2387 699 2458 Igrlden
717 2393 749 2442 vt
768 2392 799 2442 ll
818 2389 932 2444 termini
951 2389 980 2444 in
997 2388 1101 2462 quibus
1118 2391 1252 2447 lectiones
1268 2392 1340 2448 ordi·

256 2477 349 2532 names
379 2475 490 2532 audiuit
520 2476 575 2530 etsi
602 2493 658 2531 nou
685 2476 800 2532 omnino
824 2476 979 2531 secundum
1003 2479 1123 2534 formam
1147 2481 1250 2536 statuti
1275 2498 1340 2535 curn

255 2565 386 2621 omnibus
402 2561 630 2636 opposicionibus
646 2567 675 2618 et
690 2561 920 2636 responsionibus
933 2565 1089 2620 secundum
1103 2567 1222 2622 lormem
1237 2569 1339 2623 statuti

255 2653 399 2726 requisitis
410 2652 553 2708 sufficmnt
564 2651 589 2707 ei
602 2651 638 2706 ad
651 2651 877 2724 respondendum
889 2653 1031 2723 questioni

186 2743 259 2798 Item
278 2743 440 2798 conceditur
456 2743 583 2797 Antonio
602 2741 710 2813 Morley
722 2744 755 2796 vt
770 2745 803 2796 12
817 2741 932 2796 termini
948 2740 979 2796 in
995 2741 1099 2812 quibus
1117 2742 1251 2798 lectIones
1267 2743 1339 2798 ordi-

256 2833 349 2888 narios
372 2832 484 2888 audiuit
511 2831 577 2886 licet
605 2849 660 2885 non
685 2831 800 2885 omnino
824 2829 979 2886 secundum
1003 2832 1123 2887 formam
1147 2833 1250 2888 stotuti
1274 2849 1340 2888 cum

255 2919 479 2992 oppositionibus
498 2925 528 2972 et
549 2917 778 2990 responsionibus
800 2917 945 2990 requisitis
965 2918 1107 2975 sufficient
1125 2920 1151 2975 ei
1171 2920 1208 2976 ad
1227 2937 1339 2992 respon·

254 3011 378 3066 dendum
396 3009 538 3082 questioni

185 3098 291 3154 Eadem
321 3097 412 3169 gretia
438 3097 473 3152 de
497 3094 582 3151 verbo
612 3095 642 3150 in
666 3094 782 3150 verbum
814 3095 978 3152 conceditur
1007 3096 1144 3153 Eduardo
1176 3097 1340 3170 Raymonde

255 3185 395 3241 Richardo
410 3185 522 3257 Kytson
535 3183 654 3254 Georgio
670 3183 773 3254 Blytbe
785 3183 803 3237 J
804 3183 889 3238 oonni
907 3182 1042 3239 Debcnke
1053 3191 1083 3239 ct
1095 3185 1112 3239 J
1115 3186 1199 3240 oanni
1214 3186 1340 3259 Twydell

255 3273 290 3330 de
301 3274 386 3330 verbo
399 3273 429 3328 in
443 3271 560 3327 verbum

185 3363 258 3418 Item
285 3361 448 3418 conceditur
478 3360 586 3415 Thome
609 3359 740 3430 Olowgbe
764 3366 796 3414 vt
822 3364 855 3414 12
879 3361 994 3416 termini
1024 3361 1055 3416 in
1079 3361 1182 3433 quibus
1206 3360 1340 3417 lectiones

254 3450 408 3506 ordinarias
427 3449 539 3504 audiuit
555 3448 623 3503 licet
638 3465 695 3502 non
713 3449 828 3502 omnino
845 3447 1000 3503 secundum
1017 3449 1136 3504 formam
1153 3449 1256 3504 statuti
1274 3467 1339 3504 cum

254 3538 478 3610 oppositionibus
492 3541 522 3592 et
534 3535 763 3608 responsionibus
774 3537 919 3608 requisitis
930 3537 1072 3592 sufficiant
1084 3537 1110 3592 ei
1122 3536 1158 3593 od
1171 3537 1339 3609 responden-

253 3627 322 3682 dum
340 3626 482 3698 questioni

185 3717 259 3772 Item
275 3715 438 3772 conceditur
453 3715 545 3770 eidem
562 3714 699 3786 superiori
715 3714 761 3770 die
776 3714 899 3770 mmisso
911 3715 948 3771 ad
959 3715 1186 3787 respondendum
1197 3714 1339 3785 questioni

253 3804 309 3880 [vt]
325 3807 365 3861 sit
380 3805 531 3862 actualiter
547 3803 765 3860 bacohauumm
779 3804 809 3860 in
826 3804 937 3860 artibus
953 3805 993 3860 sic
1009 3804 1085 3876 quod
1099 3808 1157 3859 stet
1174 3803 1204 3858 in
1220 3803 1339 3876 quadra·

253 3895 359 3966 gesimo
374 3899 404 3949 et
420 3900 513 3949 cetera
529 3893 625 3948 omnia
642 3898 757 3964 peraget
773 3893 854 3948 iuxta
870 3893 990 3948 formam
1005 3892 1109 3948 statuti
1124 3896 1154 3947 et
1167 3891 1340 3963 approbetur

253 4001 303 4056 per
320 3983 494 4055 oppositores
511 3983 596 4038 huius
614 3982 682 4036 enni

184 4073 257 4128 Item
275 4071 438 4127 conceditur
460 4069 582 4126 Roberto
602 4069 746 4126 Stewarde
763 4074 796 4126 vt
813 4069 961 4125 duodecim
980 4069 1095 4125 termini
1115 4069 1145 4125 in
1162 4067 1268 4142 quibus
1285 4068 1338 4124 lec·

252 4161 344 4216 tiones
361 4159 519 4214 ordinarios
534 4158 646 4214 audiuit
659 4158 727 4213 licet
741 4176 797 4213 non
811 4159 926 4213 omniuo
938 4158 1093 4214 secundum
1104 4159 1224 4214 formam
1236 4158 1338 4213 statuti

251 4267 316 4304 cum
335 4247 560 4320 oppositionibus
579 4249 609 4302 et
628 4245 857 4318 responsionibus
878 4247 1023 4318 requisitis
1039 4245 1182 4302 sufficiant
1199 4247 1224 4302 ei
1243 4245 1279 4302 ad
1297 4264 1338 4301 rs·

251 4339 449 4412 spondendum
460 4338 604 4410 questioni

182 4428 288 4484 Eadem
307 4427 399 4499 gratia
416 4426 453 4482 de
472 4425 557 4482 verbo
575 4426 606 4481 in
626 4424 742 4481 verbum
762 4425 926 4482 conceditur
947 4425 1078 4481 Michaeli
1098 4425 1213 4482 Oolvert
1231 4424 1339 4480 Thome
