3408 5116
317 368 381 431 332
752 380 866 430 orion
888 379 981 429 econ
1004 381 1027 428 Δ
1307 360 1475 448 [1579-80

317 539 424 595 Eadem
439 539 530 610 gistis
548 538 710 594 conceditur
722 542 757 594 28
770 538 939 594 Novembris
951 539 1086 609 magistro
1098 537 1116 592 J
1117 555 1142 596 o.
1157 538 1243 594 Holte
1300 541 1333 593 lc
1346 537 1365 593 J
1365 534 1474 592 enusrii

388 629 521 700 magistro
539 630 692 685 Laurentio
710 629 831 684 Stenton
891 632 926 684 29
946 627 1053 699 Aprilis
1077 628 1212 698 magistro
1236 627 1379 682 Willelmo
1402 624 1474 681 Iasu-

387 736 469 773 renee
528 721 563 772 20
582 718 651 773 Maii
672 718 807 788 magistro
824 718 931 773 Arturo
952 716 1055 787 Hughe
1114 719 1148 774 27
1167 717 1235 773 Maii
1252 717 1386 788 magistro
1403 713 1475 770 Heu.

389 805 519 861 Fletcher
573 809 607 861 28
626 805 695 861 Maii
714 805 848 876 magistro
867 805 990 860 Semueli
1009 805 1146 876 Flemyng
1200 809 1230 860 4⁰
1242 804 1322 860 Junii
1334 803 1477 874 magistris

388 893 431 949 Jo.
453 893 592 950 Lembsrd
609 894 706 951 Frenc.
725 893 812 950 Holte
829 900 859 949 et
876 893 946 949 Tho.
966 893 1034 949 Best
1095 897 1129 949 10
1145 893 1225 950 Junii
1242 894 1377 966 magistro
1393 891 1474 948 Geor.

389 982 458 1038 Best
512 987 539 1038 1⁰
554 984 572 1039 J
574 983 624 1038 ulii
641 983 784 1054 magistris
800 983 920 1039 Bicerdo
935 982 1029 1056 Byrds
1042 982 1086 1038 Jo.
1100 983 1290 1040 Weterhowse
1305 990 1335 1040 et
1352 981 1476 1038 Mertino

389 1068 528 1125 Willicme

320 1158 489 1214 Conceditur
501 1164 518 1213 4
529 1158 609 1214 Junii
623 1159 757 1230 magistro
769 1158 837 1214 Tho.
852 1157 969 1229 Younge
982 1163 1014 1214 vt
1026 1156 1154 1215 studium
1167 1161 1183 1216 7
1196 1176 1335 1215 annorum
1352 1159 1381 1214 in
1397 1157 1475 1213 theo·

289 1282 294 1292 -
389 1247 462 1317 logie
474 1251 625 1318 postquem
639 1247 742 1302 rexerit
753 1247 783 1301 in
796 1244 906 1302 artibus
922 1263 987 1302 cum
1004 1264 1060 1301 vne
1076 1247 1255 1318 opposicione
1271 1264 1329 1301 vno
1343 1245 1476 1302 concione

390 1334 427 1389 ed
444 1336 551 1390 clerum
571 1339 601 1391 et
624 1334 734 1391 duobus
751 1335 788 1390 ed
806 1335 943 1407 populum
961 1335 1083 1390 sufficiet
1100 1336 1126 1390 ci
1144 1340 1205 1392 tem
1223 1335 1260 1392 ed
1278 1332 1474 1406 opponendum

391 1440 478 1493 quem
490 1422 526 1478 ed
538 1423 702 1478 intrandum
714 1423 745 1476 in
758 1439 838 1477 seors
849 1421 989 1492 theologia

320 1510 490 1566 Conceditur
506 1513 534 1564 20
550 1509 568 1563 J
571 1510 622 1564 ulii
640 1511 774 1581 magistro
795 1509 928 1565 Christos.
942 1509 1030 1565 Shutt
1048 1513 1081 1564 vt
1097 1509 1225 1565 studium
1243 1513 1277 1564 10
1293 1525 1430 1564 annorum
1444 1507 1474 1562 in

391 1599 530 1670 theologia
543 1605 693 1670 postquem
708 1598 812 1653 rexerit
828 1598 858 1652 in
874 1597 984 1652 artibus
1000 1614 1066 1653 curn
1082 1597 1164 1652 vnics
1180 1597 1360 1670 responsione
1375 1599 1405 1652 et
1421 1613 1476 1651 vno

391 1703 518 1742 sermone
530 1686 566 1741 sd
578 1686 715 1759 populum
727 1687 757 1741 in
769 1685 912 1741 academie
924 1686 1030 1758 templo
1042 1685 1163 1741 sufficiet
1174 1686 1201 1741 ci
1214 1690 1274 1740 tem
1285 1684 1322 1739 ed
1334 1701 1476 1756 opponen-

390 1775 460 1832 dum
472 1793 558 1846 quem
569 1775 607 1832 cd
619 1775 784 1832 intrandum
797 1776 826 1831 in
838 1792 918 1830 secra
929 1775 1072 1846 theologis

669 2075 757 2142 Ordo
779 2076 978 2143 senioritetis
1000 2077 1130 2164 morpio

462 2253 530 2311 Tho.
544 2255 613 2310 Best
777 2255 967 2312 Wcterhowse
1128 2257 1197 2313 Tho.
1211 2256 1329 2328 Younge

461 2343 550 2400 Shutt
778 2344 881 2416 Hughe
1128 2345 1172 2402 Jo.
1188 2345 1275 2400 Holte

462 2431 542 2486 Geor.
556 2431 624 2486 Best
777 2432 916 2488 Willicms

462 2517 601 2574 Lumberd
777 2519 930 2592 Flemyngc

463 2604 556 2678 Byrde
777 2605 899 2662 Stenton
1126 2607 1171 2662 Fr.
1185 2606 1272 2662 Holte

463 2692 604 2748 Lsurence

697 2998 854 3066 Doctores
877 3000 912 3065 in
934 2999 1098 3068 medicine

323 3186 493 3243 Conceditur
507 3189 540 3241 16
553 3184 684 3241 Octobris
697 3187 831 3256 magistro
844 3187 967 3243 Roberto
980 3188 1072 3243 Pieist
1084 3191 1116 3244 vt
1127 3187 1255 3244 studium
1267 3191 1283 3246 7
1297 3206 1434 3246 annorum
1447 3190 1477 3244 in

393 3275 531 3330 medicine
543 3279 693 3347 postquem
705 3277 808 3331 rexerit
819 3276 849 3330 in
861 3278 971 3333 artibus
983 3295 1048 3332 cum
1057 3277 1283 3349 opposicionibus
1292 3279 1476 3350 responsioni-

393 3363 447 3419 bus
463 3368 493 3418 et
508 3362 572 3418 eliis
587 3363 727 3418 exercitiis
744 3381 795 3434 per
811 3369 923 3420 statute
940 3365 1015 3436 regie
1033 3364 1179 3436 requisitis
1197 3365 1319 3420 sufficiet
1336 3366 1363 3420 ei
1379 3365 1417 3422 ed
1435 3365 1476 3420 in·

394 3450 554 3523 cipiendum
572 3451 602 3505 in
620 3450 719 3506 eedem

324 3540 430 3596 Eadem
441 3539 533 3610 gretie
544 3539 707 3594 conceditur
718 3542 735 3593 4
747 3539 764 3594 J
767 3539 827 3594 unii
840 3541 974 3612 magistro
986 3540 1030 3598 Jo.
1043 3541 1150 3615 Treeye

695 3854 853 3921 Doctores
875 3855 909 3920 in
927 3855 1003 3942 jure
1025 3856 1112 3921 civili

326 4057 495 4114 Conceditur
513 4062 546 4114 16
565 4059 695 4115 Octobris
710 4061 845 4131 magistro
861 4061 938 4133 Step.
959 4060 1049 4116 liskes
1068 4065 1101 4116 vt
1116 4062 1244 4118 studium
1260 4064 1276 4119 7
1293 4079 1431 4117 annorum
1448 4061 1477 4116 in

395 4143 455 4196 iure
470 4141 545 4196 civili
561 4147 712 4214 postquem
730 4145 832 4199 rexerit
848 4145 878 4200 in
894 4143 1003 4201 artibus
1019 4163 1084 4201 cum
1102 4145 1235 4202 omnibus
1252 4145 1478 4218 opposicionibus

394 4229 622 4301 responsionibus
636 4237 665 4286 et
679 4232 743 4286 eliis
758 4233 897 4287 exercitiis
909 4251 960 4305 per
975 4238 1086 4290 statute
1101 4235 1246 4308 requisitis
1260 4235 1381 4290 sufficiet
1397 4235 1424 4290 ei
1440 4234 1476 4289 sd

394 4315 585 4389 incipiendum
597 4319 627 4372 in
638 4318 736 4374 codem
744 4319 808 4391 jure

325 4403 431 4458 Eodem
442 4404 533 4474 gretie
545 4404 707 4460 conceditur
719 4407 752 4462 27
767 4405 835 4462 Meii
849 4407 982 4478 magistro
995 4408 1135 4464 Willelmo
1147 4409 1289 4466 Ferrende
