3408 5116
798 361 911 412 00100
934 361 1026 412 soon
1050 367 1072 414 Δ
1343 345 1508 432 [1577-78

351 1039 521 1096 Conceditur
543 1046 576 1096 12
597 1040 727 1096 Octobris
751 1045 785 1095 vt
807 1040 946 1095 terminus
971 1039 1105 1094 hodierno
1128 1038 1175 1094 die
1198 1038 1369 1094 dissolvatur
1392 1044 1508 1110 propter

420 1131 529 1181 metum
537 1127 626 1198 pestis
633 1143 720 1197 vsque
728 1125 762 1180 nd
770 1126 875 1180 festum
883 1125 1008 1180 omnium
1019 1131 1179 1179 sanctorum
1190 1125 1315 1194 proxime
1323 1141 1443 1194 sequens
1451 1142 1507 1178 non

420 1211 551 1266 obstante
569 1216 679 1266 statuto
698 1212 738 1266 sic
757 1217 853 1265 tamen
875 1217 907 1266 vt
927 1209 1043 1280 collegia
1062 1227 1159 1264 omnes
1178 1209 1360 1263 scholasticas
1380 1208 1506 1279 disputa·

420 1299 513 1354 ciones
525 1306 554 1354 et
566 1301 697 1354 exercitia
713 1297 788 1353 domi
806 1299 954 1368 diligenter
971 1298 1120 1354 observent
1135 1303 1165 1353 01
1177 1297 1288 1368 publice
1300 1297 1508 1368 disputaciones

421 1387 611 1459 philosophice
627 1405 678 1458 pro
692 1388 774 1442 lactis
793 1394 962 1442 censeantur
980 1386 1074 1457 quoad
1092 1387 1242 1456 magistros
1261 1385 1310 1456 qui
1330 1384 1508 1456 disputarent

422 1475 529 1530 interea
541 1477 581 1530 sic
593 1483 625 1530 vt
637 1475 753 1530 bedellis
765 1475 877 1530 solitam
891 1475 1038 1531 collectam
1051 1474 1177 1546 pendant

352 1563 522 1618 Conceditur
545 1569 562 1617 2
588 1562 758 1618 Novembris
781 1581 870 1634 quum
895 1564 1024 1633 contagio
1049 1563 1138 1633 pestis
1163 1562 1253 1616 indies
1278 1561 1388 1631 longius
1412 1567 1508 1630 serpat

422 1657 452 1704 et
468 1652 496 1705 in
515 1669 602 1706 novas
619 1651 742 1706 familias
757 1656 901 1722 grassetur
918 1656 949 1706 vt
965 1652 1105 1706 terminus
1123 1650 1295 1705 dissolvatur
1312 1667 1399 1720 vequc
1418 1648 1453 1703 ad
1474 1652 1507 1703 13

421 1738 495 1793 diem
512 1739 640 1793 Januarii
657 1739 815 1809 proximum
830 1755 887 1793 non
904 1736 1036 1793 obstante
1053 1741 1163 1792 statuto
1178 1738 1218 1791 sic
1234 1742 1329 1791 100100
1346 1743 1376 1790 vt
1392 1736 1507 1806 collegia

421 1825 630 1896 disputaciones
653 1831 683 1881 01
704 1827 835 1881 exercitia
855 1825 1023 1880 scholastice
1043 1826 1118 1881 domi
1139 1825 1289 1896 diligenter
1307 1823 1456 1878 observent
1477 1828 1507 1878 at

421 1914 532 1985 publice
544 1915 753 1987 disputaciones
766 1915 960 1987 philosophice
973 1933 1023 1987 pro
1035 1917 1118 1971 lactis
1126 1921 1294 1970 censeantur
1303 1914 1396 1985 quoad
1407 1916 1506 1985 magis·

420 2005 479 2056 tros
487 2003 537 2073 qui
547 2004 652 2058 interea
662 2003 841 2075 disputarent
850 2005 890 2058 sic
900 2010 930 2058 vt
941 2003 1057 2058 bedellis
1066 2009 1229 2058 consuetam
1240 2003 1351 2056 solvant
1360 2002 1505 2056 collectam

419 2097 448 2145 et
461 2091 567 2146 interea
579 2094 713 2164 temporis
726 2093 852 2164 sophiste
864 2093 941 2147 licite
954 2094 1064 2164 possint
1076 2092 1221 2164 disputare
1235 2092 1317 2146 modo
1326 2091 1399 2146 alter
1407 2091 1505 2144 collec-

419 2185 513 2234 torum
526 2180 639 2236 intersit
650 2199 716 2236 cum
727 2180 824 2236 decem
837 2182 901 2236 eliis
913 2182 1049 2252 sophistis
1062 2180 1239 2252 generalibus

349 2268 518 2323 Conceditur
530 2274 546 2323 2
559 2270 727 2325 Novembris
739 2277 771 2325 vt
785 2271 918 2340 magister
930 2271 997 2325 Tho.
1013 2271 1114 2325 Muffet
1127 2269 1232 2324 habeat
1244 2270 1342 2323 literas
1359 2285 1505 2323 conversa·

420 2357 507 2412 aionis
519 2363 549 2412 et
560 2358 663 2429 gradus
674 2360 812 2430 sigillatas
824 2359 916 2430 sigillo
929 2365 1024 2414 vestro
1037 2359 1181 2413 communi

350 2444 456 2499 Eadem
468 2446 560 2517 gratia
571 2445 733 2501 conceditur
745 2451 762 2500 4
776 2447 872 2502 Martii
887 2447 1020 2517 magistro
1033 2447 1109 2517 Step
1123 2445 1140 2500 J
1142 2463 1222 2500 erres

349 2532 520 2588 Conceditur
532 2535 707 2589 2410000111
720 2535 854 2605 magistro
867 2535 954 2590 Anth.
968 2535 1050 2590 Rudd
1063 2553 1141 2590 sacre
1153 2533 1290 2604 theologie
1303 2532 1505 2587 bacchalaureo

420 2625 453 2676 vt
467 2623 506 2676 sit
523 2640 596 2676 vnus
611 2639 644 2676 ex
663 2627 695 2677 12
710 2623 932 2694 predicatoribus
944 2624 997 2678 hoc
1009 2641 1085 2679 anno
1096 2641 1146 2694 per
1157 2623 1330 2678 academiam
1343 2621 1507 2676 emittendis

419 2711 460 2765 sic
480 2715 511 2766 vt
532 2729 616 2782 super
637 2712 689 2766 hac
710 2715 804 2766 vestra
823 2712 1000 2767 concessione
1020 2711 1116 2767 literas
1134 2711 1239 2766 habeat
1259 2710 1397 2780 sigillatas
1414 2711 1506 2780 sigillo

421 2801 514 2852 vestro
532 2799 675 2854 communi

350 2885 456 2940 Eadem
478 2885 569 2956 gratia
590 2885 754 2940 conceditur
774 2887 872 2941 eodem
894 2886 974 2942 Geor.
998 2886 1071 2957 Styll
1093 2885 1123 2939 in
1144 2883 1254 2939 artibus
1276 2885 1411 2954 magistro
1470 2889 1504 2939 21

419 2974 548 3028 Jonuarii
566 2973 648 3029 Abeli
667 2973 770 3046 Smyth
788 2992 865 3030 sacre
884 2975 1021 3045 theologie
1040 2973 1240 3029 bacchalaurao
1304 2977 1336 3027 21
1361 2973 1505 3028 Februarii

4 625 6 670 l

4 671 6 776 j

205 817 227 874 1.
246 817 338 876 1241
383 811 504 880 Gratiae
526 835 591 878 non
613 819 843 877 concernentes
865 811 987 898 gradus
1009 819 1068 876 0111
1092 811 1226 875 formam
1251 810 1474 876 scholasticam

420 3061 572 3132 Reginaldo
589 3061 726 3133 Whitfyld
746 3062 777 3116 in
794 3061 904 3117 artibus
917 3062 1052 3132 magistro
1099 3065 1128 3114 2ο
1145 3060 1214 3114 Μο11
1231 3060 1279 3114 W⁰
1295 3060 1410 3130 Morgan
1426 3078 1505 3115 sacre

418 3147 557 3219 theologie
581 3148 779 3204 bacchalaureo
848 3154 883 3204 23
906 3149 986 3204 Junii
1011 3148 1059 3202 W⁰
1083 3145 1242 3202 Whitacres
1266 3164 1343 3202 sacra
1367 3147 1505 3219 theologie

418 3235 617 3292 bacchalaurec
658 3241 687 3291 01
699 3236 717 3291 J
718 3255 742 3292 o.
757 3237 924 3307 Lnngwnrth
937 3243 966 3292 2ο
978 3237 995 3292 J
999 3237 1047 3291 ulii
1061 3255 1139 3291 00010
1151 3235 1290 3306 theologie
1302 3235 1504 3291 becchalanreo

419 3327 453 3377 24
465 3323 593 3378 10000111
608 3327 675 3381 1577
690 3323 807 3378 Ricardo
820 3324 949 3379 Fletcher
960 3342 1037 3379 sacre
1049 3324 1187 3394 theologie
1199 3322 1400 3378 bacchalaureo

348 3409 518 3466 Conceditur
539 3416 556 3465 5
578 3411 745 3467 Novembris
766 3420 798 3466 vt
819 3411 1010 3468 baccbslaurei
1031 3413 1136 3467 artium
1157 3411 1281 3466 habeant
1302 3411 1332 3466 in
1351 3429 1403 3466 suo
1423 3430 1505 3482 grege

418 3500 631 3555 exercitaciones
655 3507 803 3555 consuetas
821 3505 850 3555 et
867 3501 1118 3556 determinaciones
1136 3503 1165 3554 in
1184 3501 1286 3555 scholis
1304 3499 1425 3571 publicis
1447 3519 1503 3556 non

418 3586 549 3643 obstante
566 3589 679 3644 termini
698 3588 882 3644 dissolucione
899 3591 940 3644 ita
957 3596 989 3644 vt
1004 3589 1076 3643 01101
1092 3588 1300 3643 moderatorum
1318 3589 1431 3643 intersit
1449 3607 1504 3643 vna

419 3695 483 3731 cum
496 3695 514 3730 x
526 3675 733 3731 bacchalaureis

349 3762 518 3818 Conceditur
531 3766 563 3819 17
576 3763 704 3818 10000111
718 3781 806 3833 quum
825 3764 859 3817 de
874 3761 1009 3817 laudabili
1025 3768 1055 3816 et
1071 3761 1169 3816 multis
1186 3762 1242 3816 iam
1259 3764 1405 3817 retroactis
1422 3763 1504 3816 annis

418 3857 530 3923 recepta
541 3850 743 3905 consuetudine
753 3849 856 3920 singuli
870 3851 898 3904 in
911 3849 1036 3904 ordinem
1048 3849 1194 3904 doctorum
1207 3851 1330 3920 cooptati
1345 3851 1425 3904 lestis
1441 3851 1503 3919 qui·

420 3939 538 3994 busdam
562 3937 661 3993 diebus
685 3943 714 3992 et
737 3935 857 4009 publicis
881 3937 1044 4009 prescriptis
1067 3935 1253 3991 conventibus
1277 3938 1307 3991 in
1328 3938 1384 3992 1010
1405 3937 1504 3991 charta

418 4027 572 4081 nominatis
595 4025 625 4079 in
650 4023 793 4096 publicum
818 4024 929 4096 prodire
951 4041 1007 4078 non
1029 4025 1226 4078 consueverint
1244 4025 1299 4079 nisi
1318 4023 1411 4079 induti
1430 4025 1504 4095 togis

418 4115 523 4170 murice
540 4114 638 4170 tinctis
658 4114 752 4168 Placet
767 4112 846 4167 vobis
864 4120 896 4167 vt
913 4113 1016 4183 singuli
1036 4112 1196 4166 huiusmodi
1215 4111 1369 4184 predictam
1389 4129 1504 4166 consue·

418 4202 546 4259 tudinem
558 4203 672 4273 dignam
681 4201 829 4273 majestate
838 4201 979 4256 academie
988 4200 1188 4256 inviolabiliter
1197 4202 1344 4256 observare
1353 4207 1505 4256 teneantur

417 4293 471 4347 sub
483 4311 555 4363 pena
566 4296 597 4346 et
608 4290 714 4345 mulcta
726 4309 764 4345 xs
776 4290 872 4361 legalis
885 4295 997 4345 monete
1010 4290 1111 4360 Anglie
1127 4289 1239 4360 publico
1254 4287 1396 4344 academie
1413 4291 1503 4343 erario

418 4379 662 4452 persolvendorum
679 4378 790 4446 quoties
805 4377 923 4431 eundem
942 4377 1108 4431 violaverint
1120 4394 1206 4447 quam
1219 4394 1359 4431 summam
1372 4377 1426 4432 nisi
1440 4395 1502 4448 pro
