3376 5108
177 333 344 418 1553-54]
616 347 729 398 caron
752 350 845 398 soor
868 350 891 397 a
958 415 962 426 ᾗ
1293 334 1334 396 99

178 503 253 559 Item
271 503 437 559 comeditur
454 505 589 575 magistro
610 504 736 559 Fawoett
754 508 786 558 vt
804 504 932 560 studium
954 507 971 558 3
990 520 1130 558 annorum
1149 503 1179 557 in
1197 503 1336 574 theologia

247 593 312 661 post
329 591 391 645 eius
409 589 559 645 introitum
578 591 608 645 in
624 589 722 645 eadem
739 608 796 645 vna
813 607 878 644 oum
899 589 1009 645 duobus
1028 588 1204 644 sermonibus
1223 607 1279 644 vno
1299 589 1335 644 ad

248 679 353 734 clerum
370 680 574 734 examinatorio
590 683 658 733 ante
674 679 736 734 eius
751 677 951 734 admissionem
968 679 1057 734 altero
1073 678 1110 734 ad
1128 695 1239 734 crucem
1255 677 1335 733 Pauli

249 765 371 821 sufficiat
382 765 408 820 ei
421 765 457 820 ad
470 765 663 837 incipiendum
675 767 706 821 in
718 783 797 821 sacra
809 765 949 836 theologia

179 853 253 910 Item
270 853 434 909 conceditur
449 855 541 910 eidem
553 860 586 909 vt
602 872 695 910 sermo
712 855 931 910 examinatorius
947 853 1080 926 adquam
1097 857 1211 910 tenetur
1226 853 1336 908 racione

247 943 350 1014 gradus
366 943 529 998 doctoratus
544 944 574 998 in
590 942 731 1014 theologia
742 942 915 1014 suscipiendi
928 943 1032 997 differri
1046 943 1135 1014 possit
1147 942 1187 996 sic
1199 941 1274 1012 quod
1286 942 1337 996 fist

247 1032 319 1087 citra
330 1032 575 1103 quadragesimam
588 1032 746 1104 proximam
758 1031 813 1087 sub
825 1049 898 1102 pena
910 1032 1052 1086 caucionis
1063 1031 1147 1086 realis
1159 1031 1197 1085 xl·
1209 1029 1337 1103 ponende

248 1120 278 1174 in
290 1118 421 1175 manibus
434 1125 647 1192 procuratorum
659 1125 813 1191 antequam
825 1119 997 1176 admittatur

352 1490 467 1556 Grecis
483 1490 571 1556 varie
587 1500 621 1556 et
637 1492 763 1557 nullam
778 1487 914 1557 formam
932 1500 1162 1557 concernentes

179 1670 213 1725 In
230 1670 330 1741 primis
346 1670 509 1726 conceditur
520 1677 553 1727 vt
568 1671 630 1728 loco
646 1673 846 1743 magistrorum
864 1673 984 1745 Moptyd
1001 1677 1031 1728 et
1047 1673 1212 1745 Segeswylre
1226 1673 1336 1728 audito-

249 1775 313 1812 rum
326 1758 396 1812 cisto
408 1760 565 1813 communis
578 1759 740 1814 absentium
752 1760 932 1830 assignentur
943 1761 1071 1830 magistri
1084 1760 1177 1832 Oosyn
1193 1764 1223 1814 et
1240 1759 1335 1815 Bovell

248 1852 336 1917 atque
351 1852 384 1900 vt
402 1845 479 1901 illius
497 1852 645 1918 compotus
661 1848 801 1903 habeatur
817 1850 889 1904 citra
901 1848 1073 1920 quindenam
1090 1855 1120 1903 et
1135 1849 1161 1902 si
1177 1848 1286 1919 aliquos
1301 1865 1336 1902 ex

249 1934 426 1991 auditoribus
442 1935 540 1991 abesse
556 1937 708 2008 contigerit
720 1941 753 1992 vt
764 1937 896 1993 dominus
908 1937 1141 2010 prooauoellarius
1152 1937 1265 1992 illorum
1276 1936 1337 1992 loco

248 2024 318 2079 alios
331 2025 504 2081 constituere
516 2027 606 2096 possit

180 2112 254 2168 Item
271 2112 466 2184 dispensatum
483 2119 609 2170 osteum
626 2116 761 2186 magistro
778 2115 889 2186 Drurye
901 2114 1052 2186 superioris
1064 2114 1132 2169 anni
1145 2114 1175 2168 in
1187 2113 1247 2168 iure
1259 2113 1336 2168 ciuili

250 2201 449 2258 bacchelaureo
462 2202 496 2257 de
508 2221 565 2258 non
578 2203 695 2274 legendo
706 2203 747 2258 sic
759 2201 834 2273 quod
847 2202 939 2257 solvat
951 2201 1113 2257 achademie
1124 2202 1176 2273 vjs
1188 2202 1235 2273 viij
1245 2201 1265 2256 d

179 2290 341 2346 Consimilis
352 2292 444 2361 gratia
456 2292 620 2347 conceditur
631 2292 766 2362 magistro
779 2291 871 2346 Harte

180 2378 253 2434 Item
276 2379 440 2434 conceditur
457 2387 490 2434 vt
511 2383 608 2436 doctor
629 2381 732 2436 Mowse
751 2379 879 2450 magistri
903 2379 1044 2457 Perpoynt
1063 2380 1190 2451 Bygrave
1205 2378 1336 2451 Whynlre

248 2471 277 2522 et
295 2467 365 2522 Yale
384 2467 442 2522 sint
461 2467 573 2539 judices
593 2468 714 2538 delegati
735 2470 766 2523 in
786 2486 871 2522 causa
891 2468 1091 2540 appellacionis
1111 2468 1185 2522 inter
1207 2467 1336 2522 dominos

248 2558 390 2610 taxatores
411 2559 440 2609 et
461 2555 633 2610 Willelmum
655 2556 775 2628 Bradley
796 2556 981 2611 brssietorem
1003 2554 1148 2627 publicum
1192 2555 1239 2610 Ita
1259 2553 1335 2627 quod

247 2642 382 2713 quicquid
399 2643 501 2698 horum
518 2645 608 2698 maior
622 2661 688 2715 pars
699 2644 856 2700 decreuerit
868 2650 963 2700 vestro
975 2645 1102 2699 omnium
1114 2645 1228 2699 nomine
1239 2647 1334 2700 ratum

249 2729 388 2786 habeatur
399 2738 429 2785 et
441 2731 611 2787 terminetur
624 2732 674 2787 heo
686 2750 771 2788 causa
783 2734 855 2788 citra
867 2733 981 2788 initium
993 2733 1113 2805 proximi
1126 2734 1240 2788 termini

178 2819 252 2874 Item
261 2818 424 2875 conceditur
432 2824 465 2874 rt
474 2819 572 2874 doctor
582 2821 724 2875 Atkinson
735 2821 894 2892 prepositus
904 2821 1010 2890 collegii
1024 2821 1135 2892 Regalis
1144 2821 1234 2891 possit
1242 2837 1335 2891 regere

248 2911 279 2961 et
295 2925 352 2962 non
370 2925 463 2978 regere
481 2907 516 2962 ad
534 2907 672 2979 placitum
684 2909 725 2964 sio
737 2913 769 2964 vt
784 2909 876 2965 solvat
888 2910 985 2964 serario
996 2910 1140 2964 communi
1152 2918 1198 2963 xx·
1240 2909 1334 2980 (solvit

249 2994 301 3048 hoc
313 3013 389 3050 anuo
425 2996 546 3069 margin)

178 3083 253 3138 Item
268 3083 432 3139 conceditur
447 3084 562 3139 domino
579 3086 796 3156 procanoellario
808 3091 840 3140 vt
856 3085 947 3156 possit
963 3103 1056 3157 regere
1072 3092 1101 3140 et
1118 3103 1174 3140 non
1189 3103 1281 3155 regere
1297 3084 1333 3140 ad

248 3172 384 3242 placitum
397 3173 437 3228 sic
450 3172 525 3244 quod
538 3173 630 3228 solvat
641 3172 804 3229 achademie
816 3192 855 3228 xs

177 3260 284 3316 Eadem
296 3261 388 3331 gratia
399 3261 564 3317 conceditur
576 3261 737 3316 doctoribus
750 3260 824 3332 Glyn
836 3265 866 3317 et
878 3263 958 3317 Scott

647 3661 760 3726 Gratis
775 3660 864 3726 varie

177 3848 253 3903 Item
276 3847 439 3902 conceditur
459 3852 492 3902 vt
516 3850 652 3921 magister
675 3849 834 3922 Hatheway
855 3849 962 3920 collegii
986 3849 1128 3920 Reginalis
1151 3853 1181 3903 et
1201 3847 1332 3903 dominus
1344 3849 1365 3908 f.
1383 3850 1454 3908 39b

249 3935 354 3990 Manne
373 3935 480 4006 collegii
500 3937 651 3992 Triuitetis
669 3939 780 4008 possint
798 3944 891 3993 vestro
910 3937 1023 3993 nomine
1042 3941 1071 3990 et
1090 3937 1264 3992 authoritate
1282 3953 1332 4008 per

247 4025 344 4079 literas
356 4029 465 4079 vestras
477 4027 619 4081 communi
632 4028 722 4098 sigillo
734 4027 896 4083 aohademie
908 4027 1043 4098 sigillatas
1061 4025 1200 4080 nominari
1213 4031 1242 4080 et
1254 4026 1332 4080 mitti

247 4111 284 4167 ad
296 4112 442 4168 dominum
456 4113 484 4167 N
485 4113 565 4169 orthe
576 4132 627 4186 pro
639 4115 743 4170 vicaria
754 4115 790 4170 de
803 4115 922 4170 Burwell
934 4115 990 4168 iam
1004 4117 1122 4168 vacante

179 4200 253 4255 Item
271 4199 434 4255 conmditur
451 4207 484 4255 vt
501 4218 620 4272 expense
640 4202 779 4257 hactenus
796 4203 869 4257 lacte
892 4200 1011 4255 Londini
1029 4217 1079 4271 per
1096 4201 1242 4256 dominum
1260 4202 1332 4256 vice·

249 4287 445 4342 cancellarium
474 4288 505 4342 in
532 4289 653 4360 negociis
677 4289 840 4344 achademie
862 4288 974 4344 allocari
999 4289 1109 4360 possint
1132 4306 1182 4361 per
1205 4289 1332 4345 doctores

249 4375 407 4446 Segiswylxe
425 4379 455 4430 et
473 4376 576 4430 Mowse
594 4381 624 4431 et
641 4378 791 4448 magistros
809 4377 902 4448 Oosyn
920 4381 949 4432 et
968 4374 1120 4448 Robynson

1172 4481 1251 4542 7-2
