3408 5116
789 341 902 392 curce
924 343 1016 391 soorr
1039 342 1062 392 e
1344 329 1516 414 [lter-83

426 499 505 554 muni
526 498 664 570 sigilletes
700 498 805 554 Eadem
824 498 916 569 gretie
934 498 1096 555 comeditur
1114 503 1143 554 2⁰
1161 500 1259 555 1111111
1276 501 1410 572 magistro
1428 501 1512 572 Bept

425 587 509 642 Γ11111
543 587 641 642 4Μ111
653 587 697 642 Jo.
712 583 776 641 Sled
789 586 818 640 in
832 584 941 641 artibus
958 586 1092 657 magistro
1132 587 1232 642 vltimo
1245 588 1313 644 Maii
1326 587 1394 644 Tho.
1409 589 1512 643 Dicou·

424 692 475 728 son
487 675 517 729 iu
529 672 638 730 artibus
651 673 785 744 magistro
797 679 827 728 et
840 676 856 730 7
870 672 1034 728 Decembris
1046 673 1180 744 magistro
1193 673 1268 730 now.
1283 675 1413 747 Redclyff
1421 681 1453 730 vt
1469 674 1512 729 illi

424 761 454 815 in
473 760 632 832 peregrines
652 760 777 830 regiones
799 760 875 814 ituro
893 759 977 816 liceat
993 759 1096 814 hebere
1115 760 1213 816 literas
1234 765 1342 818 vestras
1359 761 1462 833 gredus
1481 767 1513 816 11

423 848 644 904 conversacionis
656 865 705 904 sue
717 865 801 920 super
813 848 865 903 hac
878 853 971 904 vestra
983 848 1160 904 conmunione
1172 849 1308 920 sigillatus
1316 849 1407 922 sigillo
1416 853 1512 905 vestro

424 955 565 993 commum

353 1024 522 1080 Conceditur
534 1028 550 1082 7
564 1024 725 1080 Decembris
742 1030 774 1080 vt
789 1025 900 1080 articuli
918 1023 1000 1080 modo
1017 1024 1081 1080 lecti
1099 1043 1184 1097 super
1199 1025 1326 1082 custodie
1343 1026 1511 1082 bibliothece

424 1119 524 1168 vestrm
536 1118 630 1168 vestre
642 1113 812 1168 auctoritate
824 1112 1016 1184 approbentur
1027 1117 1057 1167 ot
1068 1131 1119 1183 pro
1132 1113 1201 1168 retis
1213 1113 1370 1169 habeantur

354 1199 523 1256 Conceditur
543 1205 576 1256 16
596 1201 759 1256 Decembris
777 1206 809 1257 vt
827 1202 909 1257 litere
926 1201 1010 1256 modo
1027 1201 1099 1256 lecte
1116 1201 1235 1272 (scilicet
1252 1201 1288 1257 ad
1308 1202 1460 1259 Heroinem
1474 1205 1509 1272 (l)

424 1287 529 1358 Baeon)
548 1288 706 1360 sigillentur
723 1289 814 1360 sigillo
832 1293 926 1344 vestro
944 1289 1086 1344 communi

353 1375 522 1431 Conceditur
535 1381 568 1431 13
581 1377 687 1449 Aprilis
700 1385 732 1432 vt
746 1377 827 1432 litere
843 1381 1009 1431 etturnatus
1025 1375 1108 1431 modo
1123 1376 1195 1430 lecte
1212 1376 1353 1446 (videlicet
1369 1395 1419 1449 pro
1433 1379 1508 1449 cepi·

423 1464 496 1519 enda
511 1465 684 1536 possessione
698 1464 844 1520 cuiusdam
859 1462 960 1518 domus
975 1463 1004 1516 irr
1021 1462 1154 1532 perochia
1165 1462 1223 1517 divi
1236 1463 1348 1519 Andrus
1365 1465 1394 1519 in
1406 1465 1508 1520 Cente-

423 1550 523 1622 brigia)
535 1557 628 1607 vestro
639 1570 776 1607 consensu
788 1551 943 1623 probentur
954 1555 984 1605 11
995 1550 1138 1606 communi
1148 1557 1241 1606 vestro
1250 1551 1341 1622 sigillo
1350 1552 1508 1622 sigillentur

353 1639 572 1696 011111111111120
593 1641 688 1696 Martii
735 1642 828 1710 Quum
850 1639 1019 1695 reuerendus
1041 1639 1070 1694 in
1091 1639 1205 1695 Christo
1226 1645 1307 1710 pater
1327 1645 1357 1695 st
1377 1640 1509 1696 dominus

422 1727 553 1784 dominus
571 1729 586 1783 J
591 1746 615 1784 o.
634 1731 790 1802 Episcopus
806 1728 998 1799 Vigorniensis
1016 1745 1127 1782 summo
1143 1727 1238 1783 studio
1252 1747 1269 1783 1
1283 1728 1363 1783 vobis
1380 1733 1459 1800 petat
1476 1737 1508 1784 vt

422 1814 505 1868 111111
526 1820 620 1869 vestre
640 1815 714 1870 bona
734 1832 800 1870 cum
822 1814 903 1869 venie
921 1821 1021 1868 mutuo
1038 1813 1163 1884 accipere
1181 1830 1284 1868 novum
1304 1819 1508 1870 testamentum

421 1919 533 1971 grecum
546 1904 613 1973 (quo
626 1902 695 1958 illud
708 1901 859 1971 describet)
872 1899 947 1973 quod
960 1917 1049 1971 nuper
1062 1899 1237 1956 venerandus
1249 1906 1329 1972 pater
1345 1901 1508 1957 Theodonrs

422 1991 494 2045 Besa
513 1989 587 2046 dono
607 1991 687 2046 dedit
707 1991 848 2047 academie
869 1991 961 2062 placet
979 1989 1059 2044 vobis
1077 1994 1108 2043 vt
1126 1989 1258 2044 dominus
1275 1990 1508 2062 procencellerins

421 2078 570 2133 modernus
593 2079 654 2134 eius
675 2080 704 2134 in
725 2079 778 2134 hoo
799 2079 910 2149 negotio
933 2077 1051 2132 nuntius
1072 2076 1152 2131 illum
1175 2075 1278 2132 librum
1299 2095 1316 2132 e
1335 2076 1507 2134 bibliothece

420 2172 514 2222 vestra
534 2166 617 2222 tollet
634 2172 666 2222 vt
683 2166 859 2222 describatur
876 2183 909 2220 11
927 2163 1086 2220 conditione
1105 2169 1136 2218 vt
1154 2163 1280 2234 prefatus
1297 2163 1368 2219 liber
1385 2182 1440 2219 non
1458 2165 1506 2220 ds-

421 2261 549 2326 portetur
564 2261 644 2310 extra
659 2253 794 2326 oppidum
810 2251 989 2324 Cerrtebrigie
1006 2251 1055 2306 sed
1072 2251 1168 2306 sulvus
1184 2256 1214 2306 et
1230 2251 1338 2321 integer
1354 2260 1508 2323 reponatur

420 2343 449 2397 in
467 2342 635 2398 bibliothece
652 2349 745 2397 vestra
760 2345 827 2396 11111
842 2341 947 2395 festum
963 2340 1053 2394 sancti
1071 2338 1217 2394 Michaelis
1236 2339 1394 2410 archangeli
1413 2342 1506 2412 proxi·

422 2449 499 2486 mum
524 2432 651 2486 futurum
676 2429 729 2486 sub
751 2447 823 2501 pena
848 2428 904 2483 xlii
931 2428 1027 2499 legalis
1049 2432 1160 2484 monete
1184 2426 1285 2497 Anglie
1309 2428 1506 2484 solvendarum

420 2519 591 2575 Cancellarr'o
604 2519 746 2589 magistris
757 2525 786 2574 et
799 2516 973 2572 scholaribus
990 2517 1064 2572 dicte
1077 2515 1269 2570 vuiuersitetis
1282 2522 1311 2571 ct
1322 2516 1504 2574 lavandarum

419 2609 454 2663 de
467 2608 547 2664 bouis
558 2607 627 2662 dicti
643 2606 851 2678 procancellerii
863 2606 899 2662 ed
911 2605 1020 2661 dictum
1035 2605 1140 2660 lectum
1154 2604 1246 2660 1111111
1265 2604 1410 2660 Michaelis
1425 2607 1504 2661 emh-

419 2696 509 2766 nngeli
522 2695 547 2750 si
559 2694 683 2750 conditio
696 2693 832 2766 premisse
844 2711 877 2748 ex
890 2692 967 2748 omui
981 2697 1061 2764 parte
1073 2710 1129 2747 nou
1141 2696 1321 2747 conservetur

349 2783 519 2838 Conceditur
539 2787 572 2837 13
592 2782 688 2837 Martii
725 2781 797 2836 Cum
817 2781 934 2835 statutis
955 2779 1059 2834 nostris
1078 2784 1194 2834 centum
1214 2779 1253 2834 sit
1274 2797 1310 2834 111
1328 2789 1422 2835 oretor
1440 2781 1506 2852 plus

420 2870 512 2926 tribus
524 2870 667 2926 mensibus
680 2869 716 2924 ab
727 2869 870 2924 ucademie
882 2869 999 2939 singulis
1011 2868 1094 2923 111111
1106 2866 1203 2922 abesse
1215 2868 1298 2922 111111
1315 2869 1368 2924 nisi
1384 2869 1503 2925 vberiori

419 2959 501 3014 venie
511 2977 529 3012 1
541 2956 619 3013 vobis
631 2958 783 3027 impetrate
798 2956 907 3027 pleceat
922 2955 1002 3010 robis
1018 2960 1050 3009 vt
1067 2955 1200 3026 magistro
1218 2956 1382 3027 Wirrgefield
1399 2958 1503 3012 oratori

419 3051 512 3102 vestro
533 3045 706 3117 gravioribus
728 3045 849 3116 negociis
866 3045 989 3099 exterius
1006 3043 1137 3115 deinceps
1156 3044 1326 3115 implicando
1343 3062 1430 3116 quem
1448 3063 1505 3117 que

420 3137 479 3186 tam
495 3130 622 3201 augetis
636 3128 775 3184 limitibus
793 3131 867 3184 recte
883 3126 1075 3182 administrari
1089 3127 1199 3197 possint
1211 3126 1299 3182 laxior
1311 3125 1439 3182 absentia
1451 3129 1505 3184 hoc

418 3239 493 3276 enno
507 3237 596 3291 usque
609 3218 644 3273 nd
657 3218 761 3276 festum
778 3217 904 3274 omniurn
921 3219 1083 3271 sanctorum
1098 3215 1258 3286 proximum
1275 3217 1403 3272 futurum
1420 3235 1506 3289 super

420 3309 471 3363 hec
483 3307 658 3363 concessione
675 3313 767 3362 vestre
783 3305 967 3377 permittatur
982 3301 1019 3358 ed
1036 3301 1172 3374 plecitum
1191 3303 1397 3374 procencellerii
1414 3305 1455 3360 sic
1472 3312 1504 3360 vt

418 3397 639 3468 quotiescunque
650 3395 809 3452 discesserit
821 3393 1009 3449 substitutum
1027 3391 1159 3447 idoneum
1174 3391 1316 3463 relinquet
1331 3410 1424 3448 coram
1441 3411 1504 3465 pro·

418 3482 581 3543 cenmllan'o

348 3571 517 3629 Conceditur
529 3575 558 3627 3ο
568 3571 636 3626 11111
646 3576 678 3626 vt
690 3570 823 3642 magister
833 3568 957 3624 Thomas
969 3567 1009 3622 sit
1020 3585 1093 3622 vnus
1105 3584 1139 3622 ex
1151 3566 1243 3622 tribus
1256 3567 1357 3622 vestris
1368 3565 1504 3624 librorum

418 3659 631 3733 impressoribus
642 3677 708 3714 cum
720 3657 850 3714 omuibus
863 3656 1015 3728 privilegiis
1027 3655 1141 3710 eiisdem
1155 3655 1368 3726 impressoribus
1380 3656 1504 3727 assigna·

417 3749 456 3804 tis
476 3753 506 3803 et
524 3764 608 3818 super
626 3746 678 3800 hac
697 3750 791 3800 vestra
809 3744 985 3800 concessione
1003 3743 1099 3798 literas
1118 3748 1226 3798 rostras
1244 3741 1348 3798 habeat
1364 3744 1503 3814 sigillatas

417 3835 508 3908 sigillo
524 3840 617 3890 vestro
633 3833 776 3889 communi
792 3851 825 3888 ea
841 3837 937 3887 111111
954 3832 1113 3886 conditione
1128 3835 1159 3886 vt
1174 3836 1327 3902 antequam
1342 3832 1394 3887 hoc
1409 3837 1504 3887 vestro

417 3923 561 3996 privilegio
577 3920 699 3992 geudeet
714 3921 854 3991 obligetur
865 3919 900 3974 ed
914 3919 976 3974 11111
989 3918 1163 3974 conditiones
1174 3918 1309 3973 articulos
1320 3924 1350 3974 et
1362 3919 1435 3989 leges
1447 3936 1504 3990 que

417 4011 570 4084 prenobilis
582 4015 678 4066 noster
690 4009 887 4066 Cancellcrins·
892 4006 1135 4062 vicecancellarius
1146 4009 1176 4061 et
1189 4006 1278 4060 meior
1289 4023 1355 4076 pers
1367 4005 1503 4078 prefecto-

417 4118 480 4156 rum
493 4099 672 4169 collegiorum
685 4099 714 4153 iu
727 4097 841 4168 scriptis
853 4095 1009 4150 indentetis
1021 4091 1208 4165 assignabunt

347 4187 516 4244 Conceditur
528 4191 562 4240 25
576 4186 644 4241 11111
656 4189 689 4240 vt
700 4184 827 4256 megistri
839 4181 967 4237 doctores
980 4180 1058 4236 Goad
1076 4181 1174 4235 Berow
1186 4185 1216 4234 et
1227 4180 1319 4249 Amye
1331 4179 1469 4234 nominati
1486 4197 1505 4234 a

415 4280 523 4347 septem
536 4274 604 4330 viris
615 4271 770 4328 secundum
782 4274 894 4326 statuta
906 4267 965 4324 sint
978 4267 1083 4323 iudices
1095 4266 1215 4338 delegeti
1232 4266 1262 4321 in
1279 4283 1364 4322 cause
1380 4267 1504 4338 appelle·

416 4364 505 4422 cionis
516 4363 585 4419 Tho.
600 4361 713 4434 Lorlryn
726 4359 863 4416 medicine
875 4356 997 4420 doctoris
