<?xml version="1.0" encoding="UTF-8"?>
<!DOCTYPE html PUBLIC "-//W3C//DTD XHTML 1.0 Transitional//EN"
    "http://www.w3.org/TR/xhtml1/DTD/xhtml1-transitional.dtd">
<html xmlns="http://www.w3.org/1999/xhtml" xml:lang="en" lang="en">
 <head>
  <title>
</title>
<meta http-equiv="Content-Type" content="text/html;charset=utf-8" />
  <meta name='ocr-system' content='tesseract 3.04.00' />
  <meta name='ocr-capabilities' content='ocr_page ocr_carea ocr_par ocr_line ocrx_word'/>
</head>
<body>
  <div class='ocr_page' id='page_1' title='image "./gracebookgreekl00venngoog_0434.png"; bbox 0 0 3398 5122; ppageno 0'>
   <div class='ocr_carea' id='block_1_1' title="bbox 83 337 901 420">
    <p class='ocr_par' dir='ltr' id='par_1_1' title="bbox 83 337 901 420">
     <span class='ocr_line' id='line_1_1' title="bbox 83 337 901 420; baseline -0.004 -18"><span class='ocrx_word' id='word_1_1' title='bbox 83 379 90 392; x_wconf 87' lang='lat'>-</span> <span class='ocrx_word' id='word_1_2' title='bbox 185 337 348 420; x_wconf 88' lang='lat'>1585-86]</span> <span class='ocrx_word' id='word_1_3' title='bbox 610 352 739 403; x_wconf 75' lang='lat' dir='ltr'>,esron</span> <span class='ocrx_word' id='word_1_4' title='bbox 761 353 854 401; x_wconf 79' lang='lat' dir='ltr'>eoos</span> <span class='ocrx_word' id='word_1_5' title='bbox 878 349 901 399; x_wconf 81' lang='lat' dir='ltr'>s</span> 
     </span>
    </p>
   </div>
   <div class='ocr_carea' id='block_1_2' title="bbox 553 655 969 744">
    <p class='ocr_par' dir='ltr' id='par_1_2' title="bbox 553 655 969 744">
     <span class='ocr_line' id='line_1_2' title="bbox 553 655 969 744; baseline -0.007 -22"><span class='ocrx_word' id='word_1_6' title='bbox 553 657 710 723; x_wconf 74' lang='lat' dir='ltr'>Doctores</span> <span class='ocrx_word' id='word_1_7' title='bbox 730 657 766 722; x_wconf 90' lang='lat' dir='ltr'>in</span> <span class='ocrx_word' id='word_1_8' title='bbox 785 657 860 744; x_wconf 89' lang='lat' dir='ltr'>jure</span> <span class='ocrx_word' id='word_1_9' title='bbox 881 655 969 722; x_wconf 83' lang='lat' dir='ltr'>civili</span> 
     </span>
    </p>
   </div>
   <div class='ocr_carea' id='block_1_3' title="bbox 184 817 1341 1333">
    <p class='ocr_par' dir='ltr' id='par_1_3' title="bbox 184 817 1341 1333">
     <span class='ocr_line' id='line_1_3' title="bbox 184 817 1339 892; baseline -0.006 -13"><span class='ocrx_word' id='word_1_10' title='bbox 184 822 355 879; x_wconf 75' lang='lat' dir='ltr'>Conceditur</span> <span class='ocrx_word' id='word_1_11' title='bbox 375 821 479 880; x_wconf 85' lang='lat' dir='ltr'>7Ju1ii</span> <span class='ocrx_word' id='word_1_12' title='bbox 504 825 584 877; x_wconf 68' lang='grc' dir='ltr'>1ῧὸΙὸο</span> <span class='ocrx_word' id='word_1_13' title='bbox 602 822 737 892; x_wconf 75' lang='lat' dir='ltr'>magistro</span> <span class='ocrx_word' id='word_1_14' title='bbox 758 819 881 876; x_wconf 85' lang='lat' dir='ltr'>Roberto</span> <span class='ocrx_word' id='word_1_15' title='bbox 903 819 1029 876; x_wconf 83' lang='lat' dir='ltr'>Redmeu</span> <span class='ocrx_word' id='word_1_16' title='bbox 1050 825 1082 874; x_wconf 88' lang='lat' dir='ltr'>vt</span> <span class='ocrx_word' id='word_1_17' title='bbox 1102 817 1230 874; x_wconf 91' lang='lat' dir='ltr'>studium</span> <span class='ocrx_word' id='word_1_18' title='bbox 1252 820 1268 876; x_wconf 84' lang='grc'><strong>7</strong></span> <span class='ocrx_word' id='word_1_19' title='bbox 1290 835 1339 872; x_wconf 83' lang='lat' dir='ltr'>sn·</span> 
     </span>
     <span class='ocr_line' id='line_1_4' title="bbox 255 903 1340 981; baseline -0.006 -17"><span class='ocrx_word' id='word_1_20' title='bbox 255 927 355 965; x_wconf 86' lang='lat' dir='ltr'>norum</span> <span class='ocrx_word' id='word_1_21' title='bbox 372 909 402 964; x_wconf 87' lang='lat' dir='ltr'>iu</span> <span class='ocrx_word' id='word_1_22' title='bbox 419 909 479 964; x_wconf 89' lang='lat' dir='ltr'>iure</span> <span class='ocrx_word' id='word_1_23' title='bbox 493 908 568 964; x_wconf 86' lang='lat' dir='ltr'>civili</span> <span class='ocrx_word' id='word_1_24' title='bbox 584 913 736 981; x_wconf 80' lang='lat' dir='ltr'>postquem</span> <span class='ocrx_word' id='word_1_25' title='bbox 751 909 854 963; x_wconf 86' lang='lat' dir='ltr'>rexerit</span> <span class='ocrx_word' id='word_1_26' title='bbox 867 907 898 962; x_wconf 90' lang='lat' dir='ltr'>in</span> <span class='ocrx_word' id='word_1_27' title='bbox 912 907 1022 963; x_wconf 76' lang='lat' dir='ltr'>artibus</span> <span class='ocrx_word' id='word_1_28' title='bbox 1036 924 1100 961; x_wconf 89' lang='lat' dir='ltr'>oum</span> <span class='ocrx_word' id='word_1_29' title='bbox 1115 903 1340 978; x_wconf 89' lang='lat' dir='ltr'>opposiciouibus</span> 
     </span>
     <span class='ocr_line' id='line_1_5' title="bbox 254 993 1341 1068; baseline -0.006 -16"><span class='ocrx_word' id='word_1_30' title='bbox 254 996 483 1068; x_wconf 74' lang='lat' dir='ltr'>responsionibus</span> <span class='ocrx_word' id='word_1_31' title='bbox 498 995 617 1067; x_wconf 76' lang='lat' dir='ltr'>aliisque</span> <span class='ocrx_word' id='word_1_32' title='bbox 634 996 774 1051; x_wconf 84' lang='lat' dir='ltr'>exercitiis</span> <span class='ocrx_word' id='word_1_33' title='bbox 790 1013 840 1067; x_wconf 88' lang='lat' dir='ltr'>per</span> <span class='ocrx_word' id='word_1_34' title='bbox 853 995 929 1067; x_wconf 81' lang='lat' dir='ltr'>regie</span> <span class='ocrx_word' id='word_1_35' title='bbox 940 999 1051 1049; x_wconf 77' lang='lat' dir='ltr'>statute</span> <span class='ocrx_word' id='word_1_36' title='bbox 1062 994 1208 1066; x_wconf 75' lang='lat' dir='ltr'>requisitis</span> <span class='ocrx_word' id='word_1_37' title='bbox 1219 993 1341 1048; x_wconf 75' lang='lat' dir='ltr'>sufficiat</span> 
     </span>
     <span class='ocr_line' id='line_1_6' title="bbox 255 1081 1341 1164; baseline -0.004 -24"><span class='ocrx_word' id='word_1_38' title='bbox 255 1085 288 1164; x_wconf 23' lang='lat' dir='ltr'>ei·</span> <span class='ocrx_word' id='word_1_39' title='bbox 298 1086 333 1140; x_wconf 81' lang='lat' dir='ltr'>ud</span> <span class='ocrx_word' id='word_1_40' title='bbox 350 1085 541 1158; x_wconf 90' lang='lat' dir='ltr'>incipiendum</span> <span class='ocrx_word' id='word_1_41' title='bbox 559 1086 586 1140; x_wconf 91' lang='lat' dir='ltr'>in</span> <span class='ocrx_word' id='word_1_42' title='bbox 605 1084 702 1140; x_wconf 89' lang='lat' dir='ltr'>eodem</span> <span class='ocrx_word' id='word_1_43' title='bbox 719 1085 780 1139; x_wconf 89' lang='lat' dir='ltr'>iure</span> <span class='ocrx_word' id='word_1_44' title='bbox 824 1088 859 1138; x_wconf 73' lang='lat'>25</span> <span class='ocrx_word' id='word_1_45' title='bbox 871 1084 950 1138; x_wconf 89' lang='lat' dir='ltr'>Junii</span> <span class='ocrx_word' id='word_1_46' title='bbox 965 1083 1062 1138; x_wconf 80' lang='lat' dir='ltr'>eadem</span> <span class='ocrx_word' id='word_1_47' title='bbox 1077 1083 1168 1154; x_wconf 81' lang='lat' dir='ltr'>gratie</span> <span class='ocrx_word' id='word_1_48' title='bbox 1179 1081 1341 1137; x_wconf 76' lang='lat' dir='ltr'>mueeditur</span> 
     </span>
     <span class='ocr_line' id='line_1_7' title="bbox 256 1169 1340 1244; baseline -0.005 -15"><span class='ocrx_word' id='word_1_49' title='bbox 256 1175 390 1244; x_wconf 75' lang='lat' dir='ltr'>magistro</span> <span class='ocrx_word' id='word_1_50' title='bbox 406 1175 424 1230; x_wconf 91' lang='lat' dir='ltr'><strong>J</strong></span> <span class='ocrx_word' id='word_1_51' title='bbox 426 1192 449 1232; x_wconf 90' lang='lat' dir='ltr'>o.</span> <span class='ocrx_word' id='word_1_52' title='bbox 463 1174 562 1240; x_wconf 86' lang='lat' dir='ltr'>Bettes</span> <span class='ocrx_word' id='word_1_53' title='bbox 578 1192 643 1229; x_wconf 91' lang='lat' dir='ltr'>cum</span> <span class='ocrx_word' id='word_1_54' title='bbox 660 1173 756 1229; x_wconf 89' lang='lat' dir='ltr'>studio</span> <span class='ocrx_word' id='word_1_55' title='bbox 773 1178 789 1227; x_wconf 80' lang='lat'>5</span> <span class='ocrx_word' id='word_1_56' title='bbox 806 1189 944 1227; x_wconf 82' lang='lat' dir='ltr'>annorum</span> <span class='ocrx_word' id='word_1_57' title='bbox 961 1177 1026 1243; x_wconf 91' lang='lat' dir='ltr'>post</span> <span class='ocrx_word' id='word_1_58' title='bbox 1043 1171 1161 1242; x_wconf 74' lang='lat' dir='ltr'>gradum</span> <span class='ocrx_word' id='word_1_59' title='bbox 1177 1169 1340 1225; x_wconf 82' lang='lat' dir='ltr'>becchuleu·</span> 
     </span>
     <span class='ocr_line' id='line_1_8' title="bbox 255 1259 1257 1333; baseline -0.005 -15"><span class='ocrx_word' id='word_1_60' title='bbox 255 1269 350 1318; x_wconf 83' lang='lat' dir='ltr'>reetus</span> <span class='ocrx_word' id='word_1_61' title='bbox 362 1263 392 1318; x_wconf 88' lang='lat' dir='ltr'>in</span> <span class='ocrx_word' id='word_1_62' title='bbox 404 1263 500 1318; x_wconf 87' lang='lat' dir='ltr'>eodem</span> <span class='ocrx_word' id='word_1_63' title='bbox 514 1263 574 1318; x_wconf 89' lang='lat' dir='ltr'>iure</span> <span class='ocrx_word' id='word_1_64' title='bbox 586 1267 749 1333; x_wconf 85' lang='lat' dir='ltr'>susceptum</span> <span class='ocrx_word' id='word_1_65' title='bbox 761 1265 791 1317; x_wconf 91' lang='lat' dir='ltr'>et</span> <span class='ocrx_word' id='word_1_66' title='bbox 803 1261 936 1332; x_wconf 74' lang='lat' dir='ltr'>magistro</span> <span class='ocrx_word' id='word_1_67' title='bbox 949 1259 1073 1314; x_wconf 88' lang='lat' dir='ltr'>Henrioo</span> <span class='ocrx_word' id='word_1_68' title='bbox 1083 1259 1257 1314; x_wconf 84' lang='lat' dir='ltr'>Wheteeroft</span> 
     </span>
    </p>
   </div>
   <div class='ocr_carea' id='block_1_4' title="bbox 547 1513 976 1598">
    <p class='ocr_par' dir='ltr' id='par_1_4' title="bbox 547 1513 976 1598">
     <span class='ocr_line' id='line_1_9' title="bbox 547 1513 976 1598; baseline -0.002 -17"><span class='ocrx_word' id='word_1_69' title='bbox 547 1515 634 1581; x_wconf 84' lang='lat' dir='ltr'>Onio</span> <span class='ocrx_word' id='word_1_70' title='bbox 656 1513 853 1580; x_wconf 84' lang='lat' dir='ltr'>senioritetis</span> <span class='ocrx_word' id='word_1_71' title='bbox 874 1535 976 1598; x_wconf 70' lang='lat' dir='ltr'>murgi.</span> 
     </span>
    </p>
   </div>
   <div class='ocr_carea' id='block_1_5' title="bbox 323 1674 1198 1736">
    <p class='ocr_par' dir='ltr' id='par_1_5' title="bbox 323 1674 1198 1736">
     <span class='ocr_line' id='line_1_10' title="bbox 323 1674 1198 1736; baseline -0.008 0"><span class='ocrx_word' id='word_1_72' title='bbox 323 1680 349 1736; x_wconf 93' lang='lat' dir='ltr'>d.</span> <span class='ocrx_word' id='word_1_73' title='bbox 364 1681 461 1735; x_wconf 75' lang='lat' dir='ltr'>Bettes</span> <span class='ocrx_word' id='word_1_74' title='bbox 636 1678 664 1734; x_wconf 89' lang='lat' dir='ltr'>d.</span> <span class='ocrx_word' id='word_1_75' title='bbox 679 1679 806 1734; x_wconf 80' lang='lat' dir='ltr'>demsn</span> <span class='ocrx_word' id='word_1_76' title='bbox 982 1675 1009 1732; x_wconf 78' lang='lat' dir='ltr'>d.</span> <span class='ocrx_word' id='word_1_77' title='bbox 1022 1674 1198 1730; x_wconf 79' lang='lat' dir='ltr'>Whetecroit</span> 
     </span>
    </p>
   </div>
   <div class='ocr_carea' id='block_1_6' title="bbox 533 1943 1010 2030">
    <p class='ocr_par' dir='ltr' id='par_1_6' title="bbox 533 1943 1010 2030">
     <span class='ocr_line' id='line_1_11' title="bbox 533 1943 1010 2030; baseline -0.008 -18"><span class='ocrx_word' id='word_1_78' title='bbox 533 1945 765 2012; x_wconf 78' lang='lat' dir='ltr'>Becchalcurei</span> <span class='ocrx_word' id='word_1_79' title='bbox 787 1945 822 2009; x_wconf 92' lang='lat' dir='ltr'>in</span> <span class='ocrx_word' id='word_1_80' title='bbox 845 1943 1010 2030; x_wconf 81' lang='lat' dir='ltr'>theologis</span> 
     </span>
    </p>
   </div>
   <div class='ocr_carea' id='block_1_7' title="bbox 185 2103 1343 2887">
    <p class='ocr_par' dir='ltr' id='par_1_7' title="bbox 185 2103 1343 2887">
     <span class='ocr_line' id='line_1_12' title="bbox 185 2103 1339 2179; baseline -0.005 -16"><span class='ocrx_word' id='word_1_81' title='bbox 185 2109 355 2164; x_wconf 78' lang='lat' dir='ltr'>Oonoeditur</span> <span class='ocrx_word' id='word_1_82' title='bbox 373 2113 407 2164; x_wconf 83' lang='lat'>13</span> <span class='ocrx_word' id='word_1_83' title='bbox 425 2109 493 2163; x_wconf 84' lang='lat' dir='ltr'>Msii</span> <span class='ocrx_word' id='word_1_84' title='bbox 513 2109 647 2179; x_wconf 70' lang='lat' dir='ltr'>magistro</span> <span class='ocrx_word' id='word_1_85' title='bbox 668 2107 792 2162; x_wconf 83' lang='lat' dir='ltr'>Henrico</span> <span class='ocrx_word' id='word_1_86' title='bbox 810 2106 901 2178; x_wconf 80' lang='lat' dir='ltr'>Alvey</span> <span class='ocrx_word' id='word_1_87' title='bbox 919 2112 952 2161; x_wconf 87' lang='lat' dir='ltr'>vt</span> <span class='ocrx_word' id='word_1_88' title='bbox 972 2104 1099 2161; x_wconf 90' lang='lat' dir='ltr'>studium</span> <span class='ocrx_word' id='word_1_89' title='bbox 1118 2105 1134 2161; x_wconf 84' lang='grc'><strong>7</strong></span> <span class='ocrx_word' id='word_1_90' title='bbox 1153 2121 1291 2159; x_wconf 77' lang='lat' dir='ltr'>annorum</span> <span class='ocrx_word' id='word_1_91' title='bbox 1309 2103 1339 2157; x_wconf 90' lang='lat' dir='ltr'>in</span> 
     </span>
     <span class='ocr_line' id='line_1_13' title="bbox 254 2191 1340 2268; baseline -0.005 -17"><span class='ocrx_word' id='word_1_92' title='bbox 254 2214 334 2251; x_wconf 82' lang='lat' dir='ltr'>sucre</span> <span class='ocrx_word' id='word_1_93' title='bbox 360 2196 499 2268; x_wconf 82' lang='lat' dir='ltr'>theologie</span> <span class='ocrx_word' id='word_1_94' title='bbox 526 2201 676 2267; x_wconf 79' lang='lat' dir='ltr'>postquem</span> <span class='ocrx_word' id='word_1_95' title='bbox 703 2195 806 2251; x_wconf 85' lang='lat' dir='ltr'>rexerit</span> <span class='ocrx_word' id='word_1_96' title='bbox 832 2195 863 2250; x_wconf 93' lang='lat' dir='ltr'>in</span> <span class='ocrx_word' id='word_1_97' title='bbox 887 2193 997 2250; x_wconf 78' lang='lat' dir='ltr'>artibus</span> <span class='ocrx_word' id='word_1_98' title='bbox 1023 2212 1089 2249; x_wconf 89' lang='lat' dir='ltr'>cum</span> <span class='ocrx_word' id='word_1_99' title='bbox 1116 2191 1340 2264; x_wconf 89' lang='lat' dir='ltr'>opposicionibus</span> 
     </span>
     <span class='ocr_line' id='line_1_14' title="bbox 255 2281 1342 2356; baseline -0.005 -16"><span class='ocrx_word' id='word_1_100' title='bbox 255 2284 483 2356; x_wconf 76' lang='lat' dir='ltr'>responsionibus</span> <span class='ocrx_word' id='word_1_101' title='bbox 510 2283 685 2340; x_wconf 76' lang='lat' dir='ltr'>sermonibus</span> <span class='ocrx_word' id='word_1_102' title='bbox 711 2285 867 2354; x_wconf 89' lang='lat' dir='ltr'>ceterisque</span> <span class='ocrx_word' id='word_1_103' title='bbox 894 2283 1034 2338; x_wconf 80' lang='lat' dir='ltr'>exercitiis</span> <span class='ocrx_word' id='word_1_104' title='bbox 1059 2299 1110 2353; x_wconf 87' lang='lat' dir='ltr'>per</span> <span class='ocrx_word' id='word_1_105' title='bbox 1132 2285 1243 2336; x_wconf 76' lang='lat' dir='ltr'>statuto</span> <span class='ocrx_word' id='word_1_106' title='bbox 1266 2281 1342 2351; x_wconf 84' lang='lat' dir='ltr'>regie</span> 
     </span>
     <span class='ocr_line' id='line_1_15' title="bbox 254 2367 1341 2445; baseline -0.005 -19"><span class='ocrx_word' id='word_1_107' title='bbox 254 2373 398 2445; x_wconf 81' lang='lat' dir='ltr'>requisitis</span> <span class='ocrx_word' id='word_1_108' title='bbox 418 2372 540 2427; x_wconf 81' lang='lat' dir='ltr'>sufficiet</span> <span class='ocrx_word' id='word_1_109' title='bbox 560 2372 586 2426; x_wconf 84' lang='lat' dir='ltr'>ei</span> <span class='ocrx_word' id='word_1_110' title='bbox 608 2377 668 2426; x_wconf 81' lang='lat' dir='ltr'>tum</span> <span class='ocrx_word' id='word_1_111' title='bbox 687 2370 723 2426; x_wconf 81' lang='lat' dir='ltr'>sd</span> <span class='ocrx_word' id='word_1_112' title='bbox 745 2370 944 2443; x_wconf 90' lang='lat' dir='ltr'>opponendum</span> <span class='ocrx_word' id='word_1_113' title='bbox 963 2386 1048 2440; x_wconf 84' lang='lat' dir='ltr'>quem</span> <span class='ocrx_word' id='word_1_114' title='bbox 1069 2368 1106 2424; x_wconf 79' lang='lat' dir='ltr'>nd</span> <span class='ocrx_word' id='word_1_115' title='bbox 1127 2367 1292 2423; x_wconf 82' lang='lat' dir='ltr'>intrandum</span> <span class='ocrx_word' id='word_1_116' title='bbox 1312 2369 1341 2422; x_wconf 90' lang='lat' dir='ltr'>in</span> 
     </span>
     <span class='ocr_line' id='line_1_16' title="bbox 256 2456 1341 2532; baseline -0.005 -18"><span class='ocrx_word' id='word_1_117' title='bbox 256 2461 483 2531; x_wconf 82' lang='lat' dir='ltr'>seorsthsologia</span> <span class='ocrx_word' id='word_1_118' title='bbox 519 2459 625 2515; x_wconf 77' lang='lat' dir='ltr'>Eadem</span> <span class='ocrx_word' id='word_1_119' title='bbox 637 2460 728 2532; x_wconf 73' lang='lat' dir='ltr'>gretie</span> <span class='ocrx_word' id='word_1_120' title='bbox 737 2459 900 2514; x_wconf 86' lang='lat' dir='ltr'>conceditur</span> <span class='ocrx_word' id='word_1_121' title='bbox 908 2456 1165 2529; x_wconf 79' lang='lat' dir='ltr'>magistris&#39;l&#39;home</span> <span class='ocrx_word' id='word_1_122' title='bbox 1175 2456 1341 2511; x_wconf 85' lang='lat' dir='ltr'>Newoomen</span> 
     </span>
     <span class='ocr_line' id='line_1_17' title="bbox 256 2545 1343 2622; baseline -0.006 -17"><span class='ocrx_word' id='word_1_123' title='bbox 256 2551 323 2605; x_wconf 92' lang='lat' dir='ltr'>Tho.</span> <span class='ocrx_word' id='word_1_124' title='bbox 344 2550 461 2622; x_wconf 82' lang='lat' dir='ltr'>Wylshe</span> <span class='ocrx_word' id='word_1_125' title='bbox 480 2550 524 2605; x_wconf 81' lang='lat' dir='ltr'>Jo.</span> <span class='ocrx_word' id='word_1_126' title='bbox 543 2549 640 2605; x_wconf 81' lang='lat' dir='ltr'>James</span> <span class='ocrx_word' id='word_1_127' title='bbox 662 2549 759 2605; x_wconf 81' lang='lat' dir='ltr'>Freno.</span> <span class='ocrx_word' id='word_1_128' title='bbox 781 2547 885 2603; x_wconf 82' lang='lat' dir='ltr'>Delton</span> <span class='ocrx_word' id='word_1_129' title='bbox 907 2547 1027 2602; x_wconf 71' lang='lat' dir='ltr'>Ricardo</span> <span class='ocrx_word' id='word_1_130' title='bbox 1048 2547 1126 2602; x_wconf 86' lang='lat' dir='ltr'>Mete</span> <span class='ocrx_word' id='word_1_131' title='bbox 1145 2545 1201 2602; x_wconf 81' lang='lat' dir='ltr'>Ole.</span> <span class='ocrx_word' id='word_1_132' title='bbox 1223 2545 1343 2617; x_wconf 80' lang='lat' dir='ltr'>Smythe</span> 
     </span>
     <span class='ocr_line' id='line_1_18' title="bbox 256 2634 1342 2711; baseline -0.004 -18"><span class='ocrx_word' id='word_1_133' title='bbox 256 2639 332 2694; x_wconf 83' lang='lat' dir='ltr'>Edw.</span> <span class='ocrx_word' id='word_1_134' title='bbox 353 2639 465 2695; x_wconf 83' lang='lat' dir='ltr'>Holden</span> <span class='ocrx_word' id='word_1_135' title='bbox 485 2640 569 2695; x_wconf 90' lang='lat' dir='ltr'>Micb.</span> <span class='ocrx_word' id='word_1_136' title='bbox 591 2639 702 2696; x_wconf 76' lang='lat' dir='ltr'>Rebiret</span> <span class='ocrx_word' id='word_1_137' title='bbox 722 2639 833 2695; x_wconf 77' lang='lat' dir='ltr'>Danieli</span> <span class='ocrx_word' id='word_1_138' title='bbox 854 2639 932 2711; x_wconf 83' lang='lat' dir='ltr'>Ryve</span> <span class='ocrx_word' id='word_1_139' title='bbox 952 2639 1025 2694; x_wconf 86' lang='lat' dir='ltr'>ch.</span> <span class='ocrx_word' id='word_1_140' title='bbox 1045 2634 1117 2693; x_wconf 85' lang='lat' dir='ltr'>Gold</span> <span class='ocrx_word' id='word_1_141' title='bbox 1136 2635 1205 2690; x_wconf 89' lang='lat' dir='ltr'>Tho.</span> <span class='ocrx_word' id='word_1_142' title='bbox 1227 2635 1342 2690; x_wconf 88' lang='lat' dir='ltr'>Bounde</span> 
     </span>
     <span class='ocr_line' id='line_1_19' title="bbox 256 2723 1341 2800; baseline -0.005 -18"><span class='ocrx_word' id='word_1_143' title='bbox 256 2731 290 2782; x_wconf 76' lang='lat'>20</span> <span class='ocrx_word' id='word_1_144' title='bbox 302 2727 320 2783; x_wconf 87' lang='lat' dir='ltr'>J</span> <span class='ocrx_word' id='word_1_145' title='bbox 322 2729 381 2782; x_wconf 88' lang='lat' dir='ltr'>unii</span> <span class='ocrx_word' id='word_1_146' title='bbox 397 2729 540 2800; x_wconf 75' lang='lat' dir='ltr'>magistris</span> <span class='ocrx_word' id='word_1_147' title='bbox 552 2729 632 2784; x_wconf 82' lang='lat' dir='ltr'>Geor.</span> <span class='ocrx_word' id='word_1_148' title='bbox 646 2727 785 2800; x_wconf 82' lang='lat' dir='ltr'>Drywood</span> <span class='ocrx_word' id='word_1_149' title='bbox 802 2726 921 2782; x_wconf 84' lang='lat' dir='ltr'>Rioordo</span> <span class='ocrx_word' id='word_1_150' title='bbox 934 2725 1063 2782; x_wconf 85' lang='lat' dir='ltr'>Webstcr</span> <span class='ocrx_word' id='word_1_151' title='bbox 1074 2724 1214 2780; x_wconf 85' lang='lat' dir='ltr'>Willclmo</span> <span class='ocrx_word' id='word_1_152' title='bbox 1226 2723 1341 2794; x_wconf 82' lang='lat' dir='ltr'>Oswsey</span> 
     </span>
     <span class='ocr_line' id='line_1_20' title="bbox 254 2814 562 2887; baseline 0.006 -19"><span class='ocrx_word' id='word_1_153' title='bbox 254 2819 285 2869; x_wconf 87' lang='lat' dir='ltr'>et</span> <span class='ocrx_word' id='word_1_154' title='bbox 297 2814 384 2869; x_wconf 89' lang='lat' dir='ltr'>Bruto</span> <span class='ocrx_word' id='word_1_155' title='bbox 399 2814 562 2887; x_wconf 81' lang='lat' dir='ltr'>Bebyugton</span> 
     </span>
    </p>
   </div>
   <div class='ocr_carea' id='block_1_8' title="bbox 547 3079 981 3165">
    <p class='ocr_par' dir='ltr' id='par_1_8' title="bbox 547 3079 981 3165">
     <span class='ocr_line' id='line_1_21' title="bbox 547 3079 981 3165; baseline -0.002 -19"><span class='ocrx_word' id='word_1_156' title='bbox 547 3079 634 3146; x_wconf 90' lang='lat' dir='ltr'>Ordo</span> <span class='ocrx_word' id='word_1_157' title='bbox 657 3080 856 3146; x_wconf 84' lang='lat' dir='ltr'>senioritstis</span> <span class='ocrx_word' id='word_1_158' title='bbox 878 3102 981 3165; x_wconf 74' lang='lat' dir='ltr'>mory.</span> 
     </span>
    </p>
   </div>
   <div class='ocr_carea' id='block_1_9' title="bbox 396 3240 1192 3738">
    <p class='ocr_par' dir='ltr' id='par_1_9' title="bbox 396 3240 1192 3738">
     <span class='ocr_line' id='line_1_22' title="bbox 396 3240 1100 3312; baseline -0.004 -16"><span class='ocrx_word' id='word_1_159' title='bbox 396 3241 504 3297; x_wconf 79' lang='lat' dir='ltr'>Wilshs</span> <span class='ocrx_word' id='word_1_160' title='bbox 689 3241 792 3312; x_wconf 81' lang='lat' dir='ltr'>Smyth</span> <span class='ocrx_word' id='word_1_161' title='bbox 1024 3240 1100 3294; x_wconf 84' lang='lat' dir='ltr'>Bere</span> 
     </span>
     <span class='ocr_line' id='line_1_23' title="bbox 397 3328 1121 3402; baseline -0.004 -18"><span class='ocrx_word' id='word_1_162' title='bbox 397 3329 535 3402; x_wconf 84' lang='lat' dir='ltr'>Drywood</span> <span class='ocrx_word' id='word_1_163' title='bbox 691 3329 763 3385; x_wconf 82' lang='lat' dir='ltr'>Gold</span> <span class='ocrx_word' id='word_1_164' title='bbox 1024 3328 1121 3382; x_wconf 80' lang='lat' dir='ltr'>James</span> 
     </span>
     <span class='ocr_line' id='line_1_24' title="bbox 398 3416 1192 3473; baseline -0.003 -1"><span class='ocrx_word' id='word_1_165' title='bbox 398 3419 502 3473; x_wconf 68' lang='lat' dir='ltr'>Dalion</span> <span class='ocrx_word' id='word_1_166' title='bbox 690 3417 821 3473; x_wconf 87' lang='lat' dir='ltr'>Webster</span> <span class='ocrx_word' id='word_1_167' title='bbox 1026 3416 1192 3471; x_wconf 80' lang='lat' dir='ltr'>Newoomen</span> 
     </span>
     <span class='ocr_line' id='line_1_25' title="bbox 398 3504 1142 3577; baseline -0.003 -17"><span class='ocrx_word' id='word_1_168' title='bbox 398 3505 508 3561; x_wconf 76' lang='lat' dir='ltr'>Rebbet</span> <span class='ocrx_word' id='word_1_169' title='bbox 692 3504 859 3577; x_wconf 77' lang='lat' dir='ltr'>Bcbyngton</span> <span class='ocrx_word' id='word_1_170' title='bbox 1027 3504 1142 3575; x_wconf 81' lang='lat' dir='ltr'>Gewsey</span> 
     </span>
     <span class='ocr_line' id='line_1_26' title="bbox 398 3593 1102 3665; baseline 0.001 -17"><span class='ocrx_word' id='word_1_171' title='bbox 398 3594 488 3665; x_wconf 84' lang='lat' dir='ltr'>Alvey</span> <span class='ocrx_word' id='word_1_172' title='bbox 692 3593 803 3649; x_wconf 82' lang='lat' dir='ltr'>Holden</span> <span class='ocrx_word' id='word_1_173' title='bbox 1025 3594 1102 3649; x_wconf 84' lang='lat' dir='ltr'>Mote</span> 
     </span>
     <span class='ocr_line' id='line_1_27' title="bbox 398 3681 1095 3738; baseline 0 -1"><span class='ocrx_word' id='word_1_174' title='bbox 398 3681 513 3738; x_wconf 89' lang='lat' dir='ltr'>Bounde</span> <span class='ocrx_word' id='word_1_175' title='bbox 1061 3685 1095 3737; x_wconf 88' lang='grc'>16</span> 
     </span>
    </p>
   </div>
   <div class='ocr_carea' id='block_1_10' title="bbox 584 3905 1482 4013">
    <p class='ocr_par' dir='ltr' id='par_1_10' title="bbox 584 3905 1482 4013">
     <span class='ocr_line' id='line_1_28' title="bbox 584 3905 1482 4013; baseline -0.029 -18"><span class='ocrx_word' id='word_1_176' title='bbox 584 3931 704 3996; x_wconf 86' lang='lat' dir='ltr'>Ductor</span> <span class='ocrx_word' id='word_1_177' title='bbox 726 3931 761 3995; x_wconf 92' lang='lat' dir='ltr'>iu</span> <span class='ocrx_word' id='word_1_178' title='bbox 784 3929 948 4013; x_wconf 82' lang='lat' dir='ltr'>theologia</span> <span class='ocrx_word' id='word_1_179' title='bbox 1355 3905 1374 3965; x_wconf 82' lang='lat' dir='ltr'>s·</span> <span class='ocrx_word' id='word_1_180' title='bbox 1392 3905 1482 3963; x_wconf 62' lang='lat'>1508</span> 
     </span>
    </p>
   </div>
   <div class='ocr_carea' id='block_1_11' title="bbox 184 4091 1346 4428">
    <p class='ocr_par' dir='ltr' id='par_1_11' title="bbox 184 4091 1346 4428">
     <span class='ocr_line' id='line_1_29' title="bbox 184 4091 1342 4164; baseline -0.002 -16"><span class='ocrx_word' id='word_1_181' title='bbox 184 4093 355 4148; x_wconf 83' lang='lat' dir='ltr'>Conceditur</span> <span class='ocrx_word' id='word_1_182' title='bbox 373 4098 390 4147; x_wconf 90' lang='grc'>4</span> <span class='ocrx_word' id='word_1_183' title='bbox 409 4093 489 4148; x_wconf 86' lang='lat' dir='ltr'>Juuii</span> <span class='ocrx_word' id='word_1_184' title='bbox 510 4092 645 4164; x_wconf 78' lang='lat' dir='ltr'>magistro</span> <span class='ocrx_word' id='word_1_185' title='bbox 667 4092 743 4148; x_wconf 85' lang='lat' dir='ltr'>Edw.</span> <span class='ocrx_word' id='word_1_186' title='bbox 763 4093 881 4164; x_wconf 81' lang='lat' dir='ltr'>Jermyn</span> <span class='ocrx_word' id='word_1_187' title='bbox 900 4096 932 4146; x_wconf 87' lang='lat' dir='ltr'>vt</span> <span class='ocrx_word' id='word_1_188' title='bbox 951 4091 1079 4147; x_wconf 85' lang='lat' dir='ltr'>studium</span> <span class='ocrx_word' id='word_1_189' title='bbox 1102 4095 1135 4145; x_wconf 79' lang='lat'>12</span> <span class='ocrx_word' id='word_1_190' title='bbox 1153 4109 1291 4146; x_wconf 73' lang='lat' dir='ltr'>annorum</span> <span class='ocrx_word' id='word_1_191' title='bbox 1312 4093 1342 4146; x_wconf 90' lang='lat' dir='ltr'>in</span> 
     </span>
     <span class='ocr_line' id='line_1_30' title="bbox 257 4177 1344 4253; baseline -0.001 -18"><span class='ocrx_word' id='word_1_192' title='bbox 257 4199 336 4235; x_wconf 85' lang='lat' dir='ltr'>sacra</span> <span class='ocrx_word' id='word_1_193' title='bbox 364 4181 502 4252; x_wconf 79' lang='lat' dir='ltr'>theologie</span> <span class='ocrx_word' id='word_1_194' title='bbox 529 4189 679 4253; x_wconf 76' lang='lat' dir='ltr'>postquam</span> <span class='ocrx_word' id='word_1_195' title='bbox 706 4181 810 4235; x_wconf 81' lang='lat' dir='ltr'>rexerit</span> <span class='ocrx_word' id='word_1_196' title='bbox 836 4181 864 4234; x_wconf 94' lang='lat' dir='ltr'>in</span> <span class='ocrx_word' id='word_1_197' title='bbox 893 4177 1002 4234; x_wconf 78' lang='lat' dir='ltr'>artibus</span> <span class='ocrx_word' id='word_1_198' title='bbox 1029 4196 1093 4233; x_wconf 91' lang='lat' dir='ltr'>oum</span> <span class='ocrx_word' id='word_1_199' title='bbox 1121 4178 1344 4250; x_wconf 87' lang='lat' dir='ltr'>oppositionibus</span> 
     </span>
     <span class='ocr_line' id='line_1_31' title="bbox 255 4266 1346 4339; baseline -0.001 -17"><span class='ocrx_word' id='word_1_200' title='bbox 255 4267 484 4339; x_wconf 85' lang='lat' dir='ltr'>responsionibus</span> <span class='ocrx_word' id='word_1_201' title='bbox 511 4268 688 4324; x_wconf 88' lang='lat' dir='ltr'>sermonibus</span> <span class='ocrx_word' id='word_1_202' title='bbox 715 4267 871 4338; x_wconf 85' lang='lat' dir='ltr'>ceterisque</span> <span class='ocrx_word' id='word_1_203' title='bbox 897 4266 1037 4320; x_wconf 85' lang='lat' dir='ltr'>exercitiis</span> <span class='ocrx_word' id='word_1_204' title='bbox 1061 4283 1112 4336; x_wconf 87' lang='lat' dir='ltr'>per</span> <span class='ocrx_word' id='word_1_205' title='bbox 1135 4270 1246 4320; x_wconf 74' lang='lat' dir='ltr'>statute</span> <span class='ocrx_word' id='word_1_206' title='bbox 1269 4267 1346 4337; x_wconf 81' lang='lat' dir='ltr'>regis</span> 
     </span>
     <span class='ocr_line' id='line_1_32' title="bbox 256 4353 1151 4428; baseline -0.001 -18"><span class='ocrx_word' id='word_1_207' title='bbox 256 4357 402 4427; x_wconf 87' lang='lat' dir='ltr'>requisitis</span> <span class='ocrx_word' id='word_1_208' title='bbox 420 4357 541 4412; x_wconf 78' lang='lat' dir='ltr'>sufficiet</span> <span class='ocrx_word' id='word_1_209' title='bbox 559 4357 584 4412; x_wconf 88' lang='lat' dir='ltr'>ei</span> <span class='ocrx_word' id='word_1_210' title='bbox 603 4356 639 4412; x_wconf 80' lang='lat' dir='ltr'>sd</span> <span class='ocrx_word' id='word_1_211' title='bbox 658 4355 849 4428; x_wconf 84' lang='lat' dir='ltr'>incipiendum</span> <span class='ocrx_word' id='word_1_212' title='bbox 867 4356 897 4410; x_wconf 91' lang='lat' dir='ltr'>in</span> <span class='ocrx_word' id='word_1_213' title='bbox 915 4371 994 4410; x_wconf 81' lang='lat' dir='ltr'>sucre</span> <span class='ocrx_word' id='word_1_214' title='bbox 1012 4353 1151 4426; x_wconf 81' lang='lat' dir='ltr'>theologie</span> 
     </span>
    </p>
   </div>
   <div class='ocr_carea' id='block_1_12' title="bbox 270 4467 1265 4526">
    <p class='ocr_par' dir='ltr' id='par_1_12' title="bbox 270 4467 1265 4526">
     <span class='ocr_line' id='line_1_33' title="bbox 270 4467 1265 4526; baseline -0.001 -2"><span class='ocrx_word' id='word_1_215' title='bbox 270 4483 297 4525; x_wconf 81' lang='lat' dir='ltr'>s.</span> <span class='ocrx_word' id='word_1_216' title='bbox 314 4482 356 4526; x_wconf 77' lang='grc' dir='ltr'>ιν.</span> <span class='ocrx_word' id='word_1_217' title='bbox 1227 4467 1265 4524; x_wconf 82' lang='lat'>26</span> 
     </span>
    </p>
   </div>
   <div class='ocr_carea' id='block_1_13' title="bbox 0 0 1726 5122">
    <p class='ocr_par' dir='ltr' id='par_1_13' title="bbox 0 0 1726 5122">
     <span class='ocr_line' id='line_1_34' title="bbox 0 0 1726 5122; baseline 0 0"><span class='ocrx_word' id='word_1_218' title='bbox 0 0 1726 5122; x_wconf 95' lang='lat' dir='ltr'> </span> 
     </span>
    </p>
   </div>
  </div>
 </body>
</html>
