3344 5110
157 368 323 456 1544-45]
588 385 701 434 assos
724 385 816 436 sons
839 386 861 434 a
1270 371 1311 434 29

225 536 273 591 alii
282 537 342 593 dise
354 538 390 593 ad
402 537 550 594 arbitrium
564 544 774 610 procuratorum
785 539 971 611 disputabilea
982 540 1053 594 fiant
1064 545 1094 594 et
1107 537 1313 594 baoehalaursis

226 629 372 696 tamquam
391 627 584 698 responsiones
596 627 734 682 ordinarie
746 645 797 698 pre
809 627 901 682 forma
912 627 1024 681 valeant

157 711 229 766 Item
246 713 409 768 oonoeditur
423 719 455 768 vt
471 714 603 770 dominus
619 714 861 770 vicecancellarius
875 714 1003 770 doctores
1018 714 1128 786 Wendy
1141 714 1269 770 Hatoher
1283 721 1312 768 at

228 801 362 870 magister
373 801 548 872 Swynbume
563 801 687 858 habeant
701 802 902 857 authoritatem
918 801 1082 876 obsignandi
1095 805 1188 856 vestro
1199 801 1312 855 nomine

226 888 400 959 syngraphas
416 890 505 944 laetas
517 889 552 945 de
564 890 747 945 mundatione
766 890 923 960 platearum
938 891 1012 944 inter
1023 889 1177 961 oppidanos
1189 895 1218 943 et
1230 887 1312 942 acha·

227 974 349 1030 damiam
367 982 419 1032 aut
437 977 507 1032 alias
525 996 597 1049 quas
618 979 674 1033 illis
692 977 834 1033 videbitur
851 995 866 1032 e
884 995 914 1032 re
934 983 1027 1032 vestra
1048 994 1108 1032 ease
1126 975 1312 1046 obsignandas

227 1080 312 1134 super
331 1065 428 1120 eadem
450 1084 480 1120 re
505 1071 536 1121 ut
555 1066 688 1138 quioquid
709 1066 749 1120 illi
770 1072 855 1136 agant
876 1066 906 1119 in
927 1065 982 1120 ista
1003 1083 1033 1119 re
1053 1083 1104 1136 pro
1124 1071 1217 1119 uestro
1237 1064 1312 1118 fanto

227 1149 364 1208 habeatnr
382 1152 457 1223 quod
474 1155 499 1207 si
515 1155 661 1224 contingat
679 1154 801 1224 aliquem
818 1171 915 1208 eorum
931 1153 1027 1210 abesse
1044 1157 1076 1206 vt
1094 1153 1166 1210 alter
1181 1168 1310 1222 procura-

227 1243 321 1294 torum
338 1258 424 1311 quem
442 1241 541 1312 reliqui
560 1243 648 1297 velint
667 1259 809 1297 assumere
828 1242 920 1296 losum
940 1248 969 1295 et
991 1242 1066 1296 uices
1085 1240 1245 1296 absentium
1264 1239 1312 1294 ob·

227 1326 318 1380 tineat

159 1411 231 1466 Item
244 1413 406 1470 eoneeditur
417 1421 450 1470 vt
467 1416 567 1471 Petms
582 1416 668 1472 Shers
679 1417 835 1488 alienigena
845 1435 879 1472 ao
891 1415 1075 1472 stationarius
1091 1414 1211 1486 gaudere
1223 1413 1313 1486 possit

227 1499 358 1556 omnibus
378 1507 408 1556 et
426 1502 544 1573 singolis
564 1502 742 1558 libertatibus
763 1509 792 1558 et
810 1503 963 1574 privilegiis
983 1503 1013 1558 in
1034 1502 1156 1574 quodam
1177 1504 1312 1575 rescripto

228 1587 302 1658 regio
314 1590 481 1660 speoitioatis
492 1595 522 1646 et
533 1609 624 1663 nuper
635 1591 701 1646 bino
713 1592 892 1649 uniuersitati
903 1591 958 1647 sub
970 1609 1070 1661 magno
1082 1608 1134 1645 suo
1145 1591 1235 1661 sigillo
1247 1609 1311 1645 oon-

228 1677 313 1731 oessis
327 1696 378 1748 pro
393 1679 515 1734 termino
528 1680 587 1734 vita
602 1697 653 1734 sue
670 1679 712 1733 ita
733 1677 808 1750 quod
829 1679 997 1750 perimpleat
1015 1695 1113 1732 omnes
1137 1683 1167 1732 et
1186 1677 1312 1748 singulas

228 1763 403 1820 oondioiones
419 1766 449 1820 in
465 1765 563 1822 eodem
579 1767 714 1837 rescripto
725 1766 898 1836 specificatae
913 1764 948 1819 ad
964 1765 1057 1836 ipsum
1070 1781 1213 1836 quoquam
1229 1763 1312 1819 modo

228 1853 401 1922 pertinentes
417 1858 447 1908 et
462 1854 537 1926 quod
554 1855 644 1926 possit
659 1853 761 1909 habere
777 1853 850 1908 hano
862 1857 986 1907 vestram
1002 1853 1206 1908 oonoessionem
1222 1853 1312 1908 literis

228 1941 453 1996 commendatam
471 1947 501 1996 et
518 1942 660 1997 communi
678 1941 769 2012 sigillo
787 1941 984 2002 uniuersitatis,
997 1941 1148 2011 sigillatam

160 2023 234 2080 Item
253 2027 415 2083 oonoeditur
433 2029 540 2084 doctori
560 2028 678 2083 Warner
698 2033 730 2082 vt
749 2028 840 2100 possit
860 2026 958 2082 abesse
978 2026 1015 2081 ab
1035 2027 1166 2082 omnibus
1186 2029 1312 2099 exequiis

229 2115 368 2170 missiset
386 2115 648 2187 congregacionibus
665 2134 699 2171 ex
717 2120 826 2170 matuta
842 2121 871 2170 et
889 2115 925 2170 ab
941 2115 1072 2170 omnibus
1090 2115 1312 2187 prooessionibus

228 2202 404 2273 generalibus
420 2203 466 2259 his
483 2222 539 2275 que
556 2222 590 2260 ex
607 2208 717 2260 statuto
735 2211 803 2260 sunt
820 2203 1018 2259 tantummodo
1035 2205 1158 2276 exeeptis
