3378 5116
209 369 379 455 1556-57]
650 387 764 437 onnon
787 387 880 437 soon
903 390 926 436 Δ
1308 374 1371 436 123

210 543 288 600 Item
312 544 475 600 conceditur
494 550 527 601 vt
549 545 708 618 disputacio
732 547 926 619 philosophica
950 545 1135 617 (visitacionis
1159 545 1296 617 tempore)
1316 561 1372 614 que

281 631 377 687 baberi
398 630 497 688 debuit
517 630 563 687 die
584 633 686 688 Martis
706 634 832 705 proxime
852 633 947 706 elapso
968 638 1105 704 tanquam
1128 633 1204 688 lacta
1224 637 1374 687 censeatur

280 719 374 790 quoad
391 737 504 775 omnem
522 719 642 776 formam
660 720 827 793 disputandi

211 809 286 864 Item
309 809 471 864 conceditur
489 813 523 864 vt
541 814 601 865 tres
620 809 651 865 in
670 810 797 881 qualibet
818 810 954 866 facultate
975 808 1106 866 videlicet
1127 809 1255 865 doctores
1275 808 1373 879 Yongs

284 895 399 968 Harvye
418 896 547 952 Hatcber
564 896 679 952 Wallrer
696 897 767 952 Yala
784 898 913 969 magistri
935 896 1108 970 Swynborne
1130 895 1250 968 Maptyd
1270 896 1373 968 Myche

284 983 381 1040 Ravan
406 985 506 1058 Barley
530 990 560 1041 ot
583 985 683 1058 Otwsy
704 1004 761 1041 vna
784 1004 848 1041 cum
873 985 987 1041 domino
1008 985 1233 1040 vicecancellario
1257 988 1287 1040 et
1310 1002 1372 1055 pro·

283 1073 460 1129 curatoribus
479 1073 605 1130 habeant
623 1079 747 1130 vestram
768 1075 972 1130 authoritatem
991 1073 1135 1129 revidendi
1154 1078 1184 1127 et
1203 1071 1372 1128 reformandi

283 1162 402 1233 antiqua
419 1163 582 1218 achademie
599 1167 711 1219 statuta
728 1165 808 1219 iuxta
825 1167 953 1218 tenorem
970 1162 1155 1218 iniunctionis
1173 1162 1309 1233 superiori
1327 1160 1373 1216 die

283 1250 355 1306 lecte
402 1250 450 1306 Ita
472 1251 549 1323 quod
573 1253 708 1324 quicquid
733 1253 884 1308 innovatur
907 1257 958 1308 aut
983 1253 1152 1307 immutetur
1175 1267 1268 1306 coram
1294 1249 1373 1305 vobis

284 1339 363 1410 prius
383 1339 492 1411 legatur
512 1347 542 1396 et
562 1358 683 1412 parvos
704 1341 876 1413 approbetur
899 1342 1065 1412 priusquam
1085 1340 1171 1395 robur
1191 1343 1222 1394 et
1241 1338 1372 1394 effectum

283 1428 419 1483 sortiatur

211 1515 287 1570 Item
306 1514 469 1570 conceditur
485 1520 516 1570 vt
534 1515 632 1571 doctor
650 1517 750 1588 Harvy
764 1520 793 1571 et
812 1515 945 1587 magister
963 1515 1098 1571 Nicholas
1115 1516 1227 1588 possint
1243 1515 1373 1587 supplere

283 1604 358 1658 vices
386 1603 510 1660 doctoris
540 1605 643 1660 Mowse
668 1609 698 1660 et
722 1605 850 1676 magistri
873 1603 1005 1677 Vyncent
1028 1606 1059 1661 in
1083 1605 1136 1660 hac
1160 1605 1373 1676 congregacione

284 1696 399 1748 tantum

212 1781 289 1836 Item
312 1797 475 1836 concessum
498 1787 543 1837 est
566 1785 596 1836 3⁰
619 1781 690 1837 Julii
714 1781 790 1853 quod
814 1781 874 1836 dies
899 1781 1065 1837 cessasionis
1090 1782 1151 1836 siue
1176 1778 1406 1838 dissolucionisi.
1423 1780 1491 1837 481>

284 1869 397 1924 termini
419 1868 565 1926 differatur
612 1869 659 1924 Sic
679 1869 755 1940 quod
779 1887 836 1924 non
860 1875 1026 1940 prorogetur
1046 1870 1122 1924 vltra
1141 1869 1216 1924 diem
1241 1869 1371 1924 Mercurii

284 1975 442 2030 proximum
560 2001 561 2006 κ

213 2045 288 2100 Item
312 2045 474 2102 conceditur
495 2052 527 2102 vt
550 2046 671 2117 eligatur
694 2048 798 2102 tertius
821 2047 946 2103 bodellus
967 2048 997 2102 in
1019 2046 1177 2103 subsidium
1201 2047 1372 2119 reliquorum

284 2133 404 2190 duorum
423 2133 597 2190 bedellorum

213 2223 288 2278 ltem
307 2222 470 2279 conceditur
489 2229 521 2279 vt
540 2225 675 2296 magister
694 2225 778 2298 Edyll
796 2226 832 2281 de
851 2225 966 2297 collegio
987 2226 1073 2282 ihesu
1091 2224 1265 2282 emittendus
1284 2227 1323 2281 sit
1342 2227 1370 2280 in

284 2329 372 2366 vnum
390 2311 597 2384 predicatorum
616 2313 778 2370 achademia
795 2314 848 2369 boo
865 2333 940 2371 anno

211 2478 289 2534 Item
309 2478 473 2535 conceditur
494 2481 629 2551 magistro
650 2481 731 2536 Stare
752 2481 781 2535 in
802 2479 913 2536 artibus
933 2481 1069 2551 magistro
1089 2483 1119 2534 et
1137 2478 1280 2550 quondam
1298 2481 1373 2535 socio

282 2567 389 2639 collegii
405 2567 466 2624 diui
483 2569 559 2623 Petri
572 2574 604 2624 vt
620 2567 723 2624 babeat
738 2569 834 2624 literas
848 2567 1070 2624 conversationis
1081 2572 1111 2622 et
1122 2567 1226 2639 gradrrs
1237 2567 1374 2639 sigillatas

284 2655 375 2726 algillo
387 2660 482 2712 vostro
493 2656 635 2712 communi

213 2832 289 2887 Item
313 2831 476 2888 conceditur
499 2832 633 2903 magistro
657 2831 795 2886 Bearnont
816 2835 849 2886 vt
872 2831 962 2903 possit
983 2831 1098 2887 admitti
1119 2836 1198 2886 extra
1219 2831 1372 2886 terminum

282 2918 365 2990 juxta
380 2923 508 2974 tenorem
523 2920 613 2990 gratie
629 2917 683 2974 sibi
700 2920 830 2990 superius
846 2936 975 2974 concessa
987 2918 1122 2990 quonlam
1139 2935 1224 2989 agens
1240 2919 1269 2973 in
1286 2920 1372 2990 parti·

285 3006 338 3063 bus
350 3006 451 3062 Wallie
467 3024 532 3062 cum
548 3007 663 3063 domino
678 3024 730 3062 suo
746 3007 820 3062 circa
836 3007 950 3078 negocia
965 3008 1041 3078 regia
1055 3006 1153 3062 messe
1167 3024 1224 3062 non
1235 3011 1330 3078 potest
1342 3008 1372 3062 in

285 3095 437 3150 commitiis
455 3095 590 3166 proximis
636 3096 677 3150 sic
695 3100 790 3150 tamen
811 3100 843 3150 vt
861 3096 1042 3150 concionatur
1060 3096 1227 3151 conviuetur
1245 3095 1372 3168 disputat

285 3183 455 3239 determinet
471 3187 501 3238 et
518 3189 611 3239 cetera
628 3188 744 3255 peragat
762 3183 842 3239 iuxta
860 3183 980 3238 formam
997 3184 1100 3239 statuti
