3408 5116
182 354 346 439 1575-76]
622 373 736 420 aaron
759 371 851 421 neon
875 372 897 420 Δ

461 889 692 953 Bacchalaurei
716 889 751 952 in
774 911 864 952 sacra
888 888 1054 974 theologia

180 1073 350 1131 Conceditur
361 1079 379 1131 6
392 1077 490 1131 Martii
507 1078 642 1148 magistro
654 1078 698 1132 Jo.
713 1078 829 1132 Lawson
843 1082 875 1132 vt
887 1077 1015 1132 studium
1029 1081 1044 1134 7
1057 1095 1196 1132 annorum
1212 1078 1240 1131 in
1258 1076 1335 1131 theo-

250 1163 322 1234 logia
334 1171 485 1236 postquam
499 1166 602 1220 rexerit
614 1166 644 1221 in
656 1166 768 1221 artibus
780 1183 843 1220 cum
863 1165 1091 1237 opposicionibus
1107 1163 1337 1237 responsionibus

250 1254 425 1309 sermonibus
436 1258 466 1308 et
478 1255 543 1310 aliis
554 1255 695 1310 exercitiis
707 1273 757 1326 per
769 1259 881 1310 statuta
893 1255 1038 1326 requisitis
1050 1255 1171 1310 sufficiat
1184 1255 1209 1310 ei
1222 1260 1283 1309 tam
1299 1255 1336 1309 ad

249 1341 446 1412 opponendum
458 1362 544 1414 quarn
556 1345 592 1399 ad
606 1343 771 1399 intrandum
785 1345 815 1398 in
827 1361 907 1399 sacra
919 1343 1061 1415 theologia

180 1425 285 1481 Eadem
307 1430 399 1499 gratia
421 1429 585 1485 conceditur
609 1435 625 1484 4
651 1431 720 1486 Maii
745 1431 881 1502 magistro
906 1430 1004 1486 Franc.
1028 1429 1180 1485 Garthside
1201 1429 1336 1500 magistro

250 1515 398 1587 Radnlpho
410 1516 427 1571 J
430 1535 497 1571 ones
510 1518 645 1588 magistro
656 1517 674 1571 J
676 1535 700 1571 0.
716 1519 848 1573 Persivall
865 1519 999 1589 magistro
1017 1518 1148 1573 Michaoli
1163 1517 1264 1572 Warde
1277 1535 1335 1572 ma·

248 1605 336 1675 gistro
348 1606 417 1661 Tho.
431 1606 514 1663 Ware
551 1611 583 1661 ls
597 1607 666 1661 Maii
679 1607 815 1678 magistro
824 1608 842 1662 J
844 1625 867 1662 o.
880 1606 1075 1662 Knewstubbe
1085 1606 1220 1676 magistro
1229 1605 1335 1661 Jaoobo

249 1695 352 1766 Taylor
386 1699 421 1750 26
434 1696 503 1750 Maii
516 1695 651 1766 magistro
665 1695 785 1750 Ricardo
799 1695 929 1751 Fletcher
968 1700 985 1750 8
1000 1696 1018 1749 J
1021 1695 1081 1750 unii
1099 1696 1236 1766 magistro
1253 1695 1335 1750 anae

249 1783 353 1855 Gilpyn
366 1785 501 1855 magistro
514 1785 636 1839 Roberto
648 1785 779 1840 ‘l'hacker

179 1871 348 1926 Conceditur
360 1877 377 1927 8
389 1873 407 1927 J
409 1875 468 1929 unii
482 1892 542 1928 mro
553 1874 571 1928 J
573 1893 598 1928 o.
612 1874 771 1946 Maplisden
784 1879 816 1929 vt
827 1875 955 1930 studium
969 1878 984 1931 7
997 1891 1138 1929 annorum
1150 1873 1180 1928 in
1195 1873 1336 1943 theologia

249 1965 399 2030 postquam
412 1962 515 2016 rexerit
527 1963 556 2017 iu
569 1961 679 2017 artibus
691 1981 755 2017 cum
768 1962 994 2034 opposicionibus
1007 1961 1235 2034 responsionibus
1242 1965 1272 2016 et
1279 1979 1335 2018 vno

250 2067 377 2103 sermone
396 2049 431 2103 ed
450 2049 587 2121 populum
606 2051 637 2105 in
657 2050 799 2106 academie
819 2052 924 2122 templo
943 2055 973 2107 et
992 2051 1081 2106 altero
1097 2051 1133 2106 ad
1150 2068 1261 2106 crucem
1277 2049 1335 2106 divi

251 2137 331 2192 Pauli
343 2138 464 2194 sufficiat
477 2139 504 2193 ei
520 2141 581 2192 tam
597 2137 634 2193 ad
651 2140 850 2210 opponendum
866 2156 953 2210 quam
968 2139 1006 2194 ad
1027 2138 1193 2196 intrandum
1209 2139 1240 2194 in
1256 2156 1336 2194 sacra

250 2226 389 2298 theologia

179 2314 349 2370 Conceditur
359 2315 458 2371 eodem
470 2315 605 2386 magistro
617 2314 635 2369 J
636 2332 660 2371 0.
674 2315 780 2371 Freake
792 2322 824 2370 vt
836 2315 962 2371 studium
976 2317 992 2372 7
1005 2333 1143 2370 annorum
1156 2315 1186 2370 in
1196 2315 1336 2387 theologia

248 2409 399 2476 postquam
424 2405 527 2460 rexerit
547 2405 577 2458 in
598 2403 708 2459 artibus
728 2423 794 2460 oum
815 2423 871 2461 vno
891 2422 1020 2460 sermone
1040 2405 1077 2460 ad
1098 2405 1204 2460 clerum
1223 2423 1279 2459 vno
1299 2405 1335 2460 ad

249 2494 385 2565 populum
397 2495 427 2549 in
439 2493 581 2548 academie
593 2493 699 2564 templo
711 2501 741 2549 et
752 2512 807 2548 vno
825 2494 861 2549 ad
876 2511 986 2548 crucem
1001 2493 1060 2548 divi
1077 2493 1156 2548 Pauli
1171 2493 1294 2549 sufficiet
1310 2494 1336 2549 ei

250 2589 310 2638 tam
323 2583 358 2638 ad
371 2583 569 2654 opponendum
581 2601 667 2655 quam
679 2583 716 2638 ad
728 2583 894 2639 intrandum
908 2585 938 2639 in
951 2601 1030 2638 sacra
1042 2584 1182 2655 theologia

178 2672 349 2727 Conceditur
360 2671 457 2726 eodem
470 2674 605 2744 magistro
617 2672 758 2727 Willelmo
771 2671 912 2726 Atkinson
926 2676 957 2726 vt
969 2671 1098 2727 studium
1116 2675 1131 2729 7
1148 2691 1288 2730 ennomm
1305 2676 1336 2730 in

249 2761 388 2831 theologia
400 2767 550 2831 postquam
562 2761 665 2816 rexerit
677 2761 707 2814 in
719 2759 829 2814 artibus
841 2779 906 2814 cunr
918 2761 1146 2832 opposicionibus
1159 2777 1214 2817 vna
1223 2780 1335 2834 respon·

249 2851 327 2905 sione
337 2851 366 2904 in
375 2849 421 2904 die
430 2851 609 2906 comitiorum
624 2850 813 2922 proximorum
823 2850 983 2904 futurorum
993 2850 1150 2920 peragenda
1159 2851 1337 2906 sermonibus

249 2947 278 2994 et
290 2938 353 2992 aliis
364 2939 504 2993 exercitiis
516 2957 565 3010 per
578 2945 688 2995 statuta
700 2939 845 3009 requisitis
854 2939 976 2994 sufficiat
985 2939 1010 2993 ei
1022 2943 1081 2993 tam
1090 2939 1125 2994 ad
1136 2941 1336 3010 opponendum

250 3044 335 3096 quam
348 3025 384 3080 ad
397 3026 562 3080 intrandum
575 3027 604 3081 in
617 3044 695 3081 sacra
708 3026 848 3096 theologia
859 3025 900 3080 sio
913 3031 944 3080 vt
955 3025 1128 3080 admittatur
1139 3026 1175 3081 ad
1188 3027 1324 3098 placitum

180 3115 350 3170 Conceditur
365 3119 398 3182 19
410 3114 427 3168 J
430 3116 489 3170 unii
503 3116 637 3186 magistro
649 3115 697 3170 W⁰
710 3115 819 3169 Fenton
832 3120 863 3169 vt
879 3114 1006 3169 studium
1022 3118 1037 3171 7
1053 3133 1193 3170 annorum
1210 3117 1240 3170 in
1258 3117 1336 3172 theo-

250 3203 323 3273 logia
334 3209 485 3273 postquam
498 3203 600 3256 rexerit
612 3202 642 3256 in
655 3203 765 3257 artibus
774 3219 839 3256 cum
850 3219 905 3256 vna
914 3201 1095 3272 responsione
1105 3209 1134 3256 et
1144 3221 1199 3257 vno
1209 3221 1338 3259 sermone

250 3289 286 3344 ad
298 3291 435 3361 populum
448 3291 476 3344 in
489 3289 630 3344 academie
642 3289 748 3360 templo
760 3293 789 3344 et
803 3307 858 3343 vno
870 3305 998 3343 sermone
1009 3289 1046 3344 ad
1057 3307 1170 3344 crucem
1183 3290 1242 3345 divi
1257 3292 1336 3346 Pauli

251 3378 373 3432 sufficiat
384 3378 409 3433 ei
422 3383 481 3432 tam
494 3377 530 3432 ad
542 3376 739 3448 opponendum
753 3395 840 3448 quam
849 3377 885 3432 ad
895 3377 1060 3432 intrandum
1070 3378 1100 3432 in
1110 3395 1189 3432 saera
1198 3379 1338 3450 theologia

182 3467 353 3522 Conceditur
364 3472 399 3522 ³0
410 3467 428 3521 J
430 3467 490 3521 unii
504 3467 639 3537 magistro
653 3467 760 3536 Rogare
773 3467 884 3520 Broune
897 3471 927 3521 vt
939 3465 1066 3521 studium
1079 3472 1187 3537 septem
1198 3485 1337 3524 annorum
1350 3466 1369 3524 l'.
1389 3466 1444 3525 119
1459 3487 1477 3524 a

252 3556 281 3608 in
294 3554 433 3625 theologia
445 3559 596 3626 postquam
609 3554 711 3608 rexerit
724 3555 752 3608 in
766 3553 875 3608 artibus
888 3572 952 3608 cum
965 3555 1191 3626 opposicionibus
1200 3557 1336 3628 responsi·

251 3641 352 3696 onibus
364 3640 539 3696 sermonibus
551 3645 581 3695 et
592 3641 656 3695 aliis
667 3641 808 3696 exercitiis
825 3659 875 3712 per
890 3645 1001 3697 statuta
1016 3642 1161 3712 requisitis
1175 3644 1296 3699 sufficiat
1311 3646 1338 3700 ei

254 3737 312 3785 tam
324 3730 360 3785 ad
372 3729 570 3802 opponendum
583 3747 669 3801 quam
681 3730 717 3784 ad
730 3729 896 3785 intrandum
908 3730 937 3784 in
950 3747 1029 3785 sacra
1041 3731 1180 3801 theologie

182 3815 288 3871 Eodem
306 3815 471 3872 conceditur
488 3817 579 3872 eidem
598 3823 630 3870 vt
647 3817 744 3871 concio
762 3816 798 3872 ad
816 3816 922 3872 clerum
939 3815 976 3870 nd
994 3833 1081 3887 quam
1099 3821 1213 3872 tenetur
1229 3818 1339 3876 ratione

251 3905 354 3975 gradus
366 3905 410 3960 sui
422 3906 593 3976 suscipiendi
606 3907 696 3978 possit
704 3906 809 3962 differri
820 3907 850 3961 in
860 3906 1019 3978 proximum
1029 3907 1183 3962 terminum
1192 3907 1232 3962 sic
1242 3913 1338 3965 tamen

251 3997 285 4047 vt
308 3997 459 4064 peragatur
482 3998 549 4048 ante
573 3994 677 4049 festum
702 3994 863 4050 nativitatis
887 3995 1002 4049 Domini
1025 3995 1184 4066 proximum
1210 3996 1336 4054 futurum
