3394 5114
747 346 861 395 assos
884 345 974 395 soor<
1000 348 1023 394 s
1304 327 1470 416 [1572-73

384 501 461 557 illius
484 501 566 558 valde
590 504 745 558 necessaris
770 502 911 559 iudicatur
934 502 1128 575 egrotantibus
1154 503 1276 559 maxime
1302 501 1473 575 pauperibus

386 589 433 644 Its
452 594 547 645 tamen
567 596 598 645 vt
615 597 682 646 unte
700 590 882 648 traditionem
899 591 1041 647 dictarum
1058 591 1203 647 literarum
1221 597 1379 647 vostrorum
1398 591 1471 645 iure-

385 681 513 733 mentum
530 683 636 750 prestet
650 677 686 734 dc
701 696 832 750 supremo
848 679 922 750 regie
938 679 1096 734 maiestatis
1112 679 1280 735 auctoritate
1298 677 1472 750 agnoscenda

385 763 466 819 iuxta
476 769 618 820 statutum
634 766 719 821 huius
731 765 808 836 regni
821 765 922 836 Anglie
934 765 999 822 inde
1011 765 1120 821 editum
1133 771 1162 820 st
1174 765 1301 820 articulis
1313 762 1473 820 subscribat

386 852 416 906 in
429 852 599 909 Londinensi
611 853 710 908 sinodo
721 871 795 908 anuo
810 856 878 908 1562
891 852 1079 924 comprobatis

315 939 486 995 Conceditur
505 946 541 996 24
561 941 688 997 Janusrii
708 942 842 1012 magistro
864 941 1001 996 Eduardo
1023 940 1142 1012 Dodyng
1161 947 1193 997 vt
1214 942 1341 998 studiurn
1366 939 1472 1014 [tuns]

386 1047 524 1085 annorum
545 1030 574 1084 in
599 1029 738 1086 medicina
761 1034 913 1101 postquam
937 1030 1039 1085 rexerit
1062 1030 1092 1084 in
1114 1028 1224 1086 artibus
1247 1029 1369 1086 sufficiat
1387 1031 1415 1084 ei
1436 1029 1472 1084 ad

386 1118 598 1190 practicsndum
622 1120 652 1173 in
676 1117 772 1174 eadem
798 1119 933 1174 facultate
952 1119 993 1174 sic
1013 1124 1047 1174 vt
1070 1119 1131 1174 eius
1152 1119 1275 1175 erudicio
1296 1124 1326 1174 et
1348 1119 1473 1189 cognicio

387 1205 558 1278 approbetur
581 1225 631 1280 per
650 1207 778 1262 doctores
800 1207 927 1263 Hatcher
946 1213 977 1263 et
1000 1207 1129 1263 Berrowe
1149 1214 1179 1263 et
1199 1226 1250 1281 per
1269 1225 1356 1264 vnum
1376 1225 1472 1263 eorum

386 1301 564 1369 presentetur
580 1300 610 1352 et
627 1315 711 1369 super
729 1297 782 1353 bac
797 1303 892 1352 uestra
909 1297 1086 1352 concessione
1104 1297 1200 1352 literas
1219 1297 1321 1353 behem
1337 1296 1474 1368 sigillatas

386 1385 477 1456 sigillo
494 1390 588 1440 vestro
606 1385 749 1440 communi
786 1386 968 1440 Pressntatus
986 1403 1036 1457 per
1053 1386 1195 1442 doctorem
1214 1386 1342 1440 Barrowe

736 1816 859 1882 Doctor
881 1817 915 1882 in
939 1816 1102 1882 medicina

316 2005 487 2064 Conceditur
514 2011 547 2063 16
573 2006 734 2063 Decembris
762 2007 897 2078 magistro
923 2007 1072 2079 Radulpho
1096 2006 1262 2078 Willrynson
1287 2011 1319 2062 vt
1346 2007 1473 2064 studium

388 2101 403 2155 7
425 2115 562 2153 annorum
587 2098 617 2153 in
639 2097 777 2152 medminn
796 2102 946 2169 postquam
968 2097 1071 2164 resena
1094 2097 1124 2152 in
1147 2096 1258 2152 artibus
1279 2115 1342 2153 cum
1364 2099 1472 2169 opposi-

386 2187 512 2243 tionibus
526 2187 754 2260 responsionibus
770 2193 800 2242 et
814 2187 877 2242 aliis
893 2187 1033 2242 exercitiis
1049 2204 1099 2258 per
1115 2189 1225 2241 statuta
1241 2187 1386 2257 requisitis
1397 2187 1473 2242 suffi-

385 2277 444 2332 ciat
461 2277 487 2332 ei
504 2275 540 2332 sd
559 2275 749 2350 incipiendum
767 2277 797 2332 in
815 2277 912 2332 eedem
933 2276 1068 2331 facultate
1104 2276 1286 2331 Preseutatus
1304 2276 1401 2332 eodem
1423 2294 1474 2348 per

386 2367 528 2423 doctorem
547 2365 659 2438 Lorlryn

652 2784 882 2852 Bsccbalaurei
905 2787 940 2851 in
963 2786 1033 2851 iure
1056 2786 1142 2851 civili

315 2971 486 3028 Conceditur
504 2976 521 3029 6
542 2973 639 3029 Martii
661 2974 741 3030 Edm.
765 2974 950 3031 Moundeford
969 2981 1003 3031 vt
1021 2975 1146 3032 studium
1168 2981 1183 3033 7
1203 2993 1341 3032 annorum
1362 2975 1391 3031 in
1413 2975 1474 3030 iure

386 3061 462 3116 civili
482 3079 547 3116 cum
572 3062 798 3134 opposicionibus
822 3068 867 3119 etc
890 3063 1012 3120 sufficiat
1032 3066 1058 3119 ei
1078 3065 1114 3121 ed
1138 3063 1301 3120 intrandum
1325 3064 1354 3119 iu
1375 3063 1472 3119 eodem

386 3147 446 3201 iuro
464 3147 505 3201 sic
521 3151 554 3202 vt
571 3153 665 3203 vestra
681 3151 850 3205 auctoritate
868 3149 1035 3221 respondeat
1053 3151 1082 3204 in
1101 3149 1202 3205 habitu
1220 3149 1412 3206 bacchalsurei

316 3234 421 3290 Eiulem
440 3237 530 3306 grstia
548 3237 710 3292 conceditur
727 3238 823 3294 eodem
841 3240 925 3294 Petro
940 3239 1096 3311 Wythipoll
1112 3245 1142 3293 ct
1159 3257 1224 3294 cum
1242 3240 1336 3295 studio
1352 3243 1370 3294 6
1386 3256 1472 3294 enno·

385 3341 449 3378 rum
468 3324 596 3380 Mattheo
615 3325 811 3382 Doddisworth
830 3327 944 3398 Hugoni
963 3327 1055 3400 Grsye
1072 3328 1116 3383 lo.
1135 3328 1248 3384 Csrleill

316 3411 422 3468 Eodem
434 3413 525 3483 gratia
537 3412 700 3470 conceditur
715 3419 748 3469 10
760 3415 867 3486 Aprilis
879 3415 896 3470 J
898 3415 1002 3486 osepho
1016 3416 1130 3489 Heynes
1141 3421 1171 3470 et
1182 3417 1200 3471 J
1202 3435 1225 3473 o.
1240 3417 1323 3472 Hone
1358 3417 1472 3471 Prosen-

242 3507 245 3518 '
387 3501 441 3555 teti
452 3519 504 3573 por
514 3502 656 3558 doctorem
669 3502 768 3574 Hsrvy

686 3921 841 3988 Doctores
864 3923 897 3988 in
921 3922 992 3989 iure
1014 3921 1102 3988 civili

317 4117 487 4173 Conceditur
505 4120 522 4170 t
541 4114 703 4171 Decembris
724 4116 858 4187 magistro
876 4114 973 4170 Barth.
990 4115 1090 4171 Clerke
1108 4118 1140 4169 vt
1156 4113 1283 4171 studium
1300 4119 1316 4173 7
1332 4131 1470 4171 annorum

387 4207 418 4261 in
433 4207 495 4261 iure
506 4205 582 4260 civili
597 4209 747 4277 postquem
760 4205 863 4260 rexerit
876 4205 907 4259 in
919 4203 1028 4259 artibus
1040 4221 1105 4260 cum
1121 4203 1347 4276 opposicionibus
1359 4221 1471 4275 respon·

388 4293 515 4350 sionibus
530 4301 560 4348 et
575 4293 639 4348 aliis
654 4293 793 4348 exercitiis
809 4309 860 4364 per
871 4295 981 4347 statuta
993 4292 1136 4363 requisitis
1153 4291 1273 4347 sufficiat
1285 4293 1311 4346 ei
1323 4292 1359 4346 ad
1373 4292 1471 4362 incipi·

388 4384 492 4439 endum
505 4385 535 4438 in
547 4383 644 4438 eodem
657 4383 718 4437 iure
754 4383 937 4437 Prusentatus
948 4382 1148 4453 perdoctorem
1161 4381 1261 4437 Clerke
1272 4381 1369 4438 eodem
