3386 5114
343 256 407 319 224
776 271 890 319 011100
913 271 1006 319 eoos
1029 270 1052 317 Δ
1332 253 1502 338 [1568-69

342 423 512 477 Conceditur
526 426 558 479 17
571 424 588 477 J
591 423 650 478 unii
664 425 798 494 magistro
811 423 952 477 Willelmo
964 422 1067 477 Clarke
1079 426 1111 476 vt
1123 422 1250 476 studium
1266 427 1299 476 10
1311 439 1450 476 00001010
1469 421 1500 474 10

413 509 473 564 1010
485 509 561 563 civili
574 516 724 580 postquem
737 510 840 564 rexerit
852 509 882 563 in
895 509 1005 563 artibus
1017 527 1082 563 cum
1099 508 1324 579 oppositionibus
1340 514 1368 562 et
1385 517 1500 578 respon·

412 597 489 650 tione
501 597 530 650 in
544 597 678 666 vesperiis
690 597 882 666 proximorum
894 598 1074 652 comitiorum
1083 597 1205 650 sufficiat
1217 596 1243 650 ei
1255 596 1291 650 ad
1304 595 1498 666 incipiendum

412 684 441 738 in
454 685 552 738 eodem
561 685 625 754 jure
662 685 843 740 Presentetus
856 703 906 756 per
918 687 1061 740 doctorem
1074 686 1181 740 Mester
1193 691 1223 739 et
1232 684 1373 739 admissus
1387 689 1414 738 10
1426 683 1499 738 Julii

342 772 512 827 Conceditur
528 777 557 825 2⁰
571 773 641 826 Julii
657 774 792 842 magistro
810 773 940 827 1110110011
958 774 1066 844 Brisley
1083 777 1115 827 vt
1132 772 1259 827 studium
1276 791 1294 826 1
1310 789 1448 826 annorum
1468 772 1498 824 in
1545 839 1547 846 Α

412 860 473 914 1010
486 860 562 914 civili
579 865 731 930 postquam
748 861 851 914 rexerit
868 861 897 914 in
915 860 1024 914 ortibus
1041 878 1106 914 cum
1124 861 1256 916 omnibus
1273 857 1500 931 oppositionibus

411 952 441 1002 et
454 965 508 1000 vna
520 948 699 1018 respontione
712 947 768 1000 iam
782 953 895 1018 peracta
907 953 937 1003 et
949 948 1126 1018 oppositione
1138 947 1296 1018 peragenda
1309 947 1337 1000 in
1350 947 1396 1001 die
1412 946 1499 1001 comi-

412 1036 515 1090 tiorum
534 1037 655 1092 sufficiat
673 1037 698 1090 ei
717 1036 752 1090 sd
771 1036 963 1108 incipiendum
982 1038 1011 1090 in
1030 1036 1128 1090 eodem
1143 1036 1207 1107 jure
1250 1036 1432 1090 Presentetus
1448 1053 1500 1106 per

412 1124 553 1179 doctorem
567 1125 673 1178 Master
685 1130 714 1178 et
726 1124 869 1179 admissus
880 1125 978 1179 eodem

343 1212 425 1265 Mem.
447 1212 521 1281 quod
541 1212 594 1266 hoc
615 1230 689 1266 anno
710 1219 769 1266 tam
791 1213 948 1284 inceptores
969 1213 999 1266 in
1021 1212 1160 1266 medicina
1181 1229 1268 1283 quem
1289 1212 1319 1265 in
1336 1211 1400 1282 jure
1420 1211 1500 1265 cirili

410 1299 596 1355 observabant
610 1309 690 1355 actus
703 1319 768 1356 suos
782 1303 811 1355 in
824 1301 958 1372 vesperiis
970 1302 1148 1355 comitiorum
1164 1301 1194 1354 10
1211 1300 1314 1354 scholis
1330 1299 1451 1370 publicis
1468 1305 1500 1354 et

412 1405 468 1441 non
482 1388 511 1441 iu
523 1388 639 1442 ecclesia
651 1387 733 1442 beate
746 1388 835 1442 Merie
847 1388 933 1459 idque
945 1391 1011 1443 ante
1024 1388 1170 1443 meridiem

706 1813 897 1878 Bacalaurei
919 1813 955 1877 10
978 1813 1142 1898 theologia

342 2013 511 2068 Conceditur
535 2018 552 2069 9
576 2015 645 2068 Julii
669 2031 743 2068 anno
768 2014 875 2068 domini
902 2017 971 2068 1568
996 2015 1130 2083 magistro
1155 2014 1282 2068 Gelfrido
1307 2013 1434 2068 Johnson
1464 2017 1498 2066 vt

412 2102 537 2157 studium
559 2109 575 2156 5
595 2121 733 2157 00001001
753 2104 782 2157 10
803 2103 942 2172 theologia
963 2109 1116 2174 postquam
1135 2105 1238 2158 rexerit
1258 2104 1287 2157 10
1306 2103 1416 2157 artibus
1430 2119 1497 2156 eum

412 2191 634 2261 oppositionibus
664 2191 892 2262 responsionibus
923 2191 1098 2245 sermonibus
1126 2197 1155 2244 et
1184 2191 1247 2245 aliis
1277 2191 1416 2245 exercitiis
1446 2209 1499 2260 per

412 2284 521 2332 statuta
538 2280 682 2348 requisitis
699 2280 876 2350 perficiendis
893 2280 967 2333 10110
984 2297 1091 2333 0001110
1105 2297 1154 2333 000
1167 2279 1346 2333 admissionis
1357 2278 1411 2332 sub
1423 2293 1498 2348 pena

413 2366 439 2436 vj
449 2366 469 2419 li
487 2366 558 2436 riijs
572 2365 639 2435 iiijd
657 2365 787 2436 ponenda
799 2367 829 2420 iu
844 2365 975 2420 manibus
991 2367 1220 2435 procuratoribus
1235 2373 1301 2422 0010
1315 2368 1376 2420 eius
1391 2367 1496 2420 admis-

413 2454 521 2508 sionem
532 2453 653 2507 sufficiat
665 2455 690 2507 ei
703 2460 763 2507 tam
775 2454 812 2508 ad
824 2453 1022 2524 opponendum
1038 2471 1126 2523 quam
1138 2455 1174 2508 ad
1187 2455 1351 2508 intrandum
1367 2455 1396 2508 in
1416 2471 1497 2508 00010

413 2541 552 2611 theologia
589 2543 769 2595 Ρ10000101110
777 2559 827 2612 per
835 2541 977 2596 doctorem
991 2541 1174 2611 Longeworth
1183 2545 1213 2596 et
1221 2542 1362 2596 admissus
1374 2546 1405 2598 17
1414 2541 1496 2596 Junii

414 2631 532 2700 (peregit
544 2630 639 2682 omnia
651 2629 751 2700 marq.)

344 2719 449 2772 Eadem
460 2720 551 2788 grstia
562 2718 723 2772 conceditur
735 2721 770 2772 30
783 2716 913 2771 Octobris
925 2718 1059 2787 magistro
1073 2717 1213 2772 Willelmo
1224 2715 1316 2772 'labor
1325 2735 1390 2772 cum
1399 2718 1496 2772 studio

414 2807 539 2874 quinque
559 2822 697 2858 annorum
718 2805 772 2858 sub
795 2805 925 2858 cautione
944 2805 990 2875 viij
1005 2805 1026 2858 li
1071 2805 1253 2859 Presentatus
1277 2823 1328 2875 per
1351 2806 1494 2861 doctorem

414 2890 544 2944 Huwiord
557 2897 585 2944 01
598 2890 737 2944 admissus
749 2889 847 2944 eodem
883 2892 1003 2960 (peregit
1020 2891 1114 2944 omnia
1129 2891 1228 2962 10019.)

343 2975 512 3031 Conceditur
524 2977 563 3030 v²⁰
576 2976 744 3030 Novembris
757 2978 892 3046 magistro
905 2977 1078 3031 Christofero
1092 2975 1217 3046 Lyndley
1231 2981 1263 3030 vt
1275 2977 1402 3031 studium
1416 2983 1432 3032 5
1444 2995 1493 3032 00-

414 3082 515 3118 001001
532 3064 562 3117 10
578 3065 718 3134 theologia
735 3069 886 3135 postquam
903 3065 1006 3118 rexerit
1023 3065 1052 3116 in
1070 3062 1180 3117 artibus
1193 3081 1257 3117 cum
1270 3065 1494 3135 oppositionibus

414 3157 458 3206 etc
471 3153 646 3222 perficiendis
663 3153 736 3206 10110
752 3169 859 3206 000001
875 3169 925 3205 000
941 3149 1121 3206 admissionis
1137 3151 1191 3205 sub
1207 3169 1279 3222 pene
1298 3153 1344 3206 xli
1365 3154 1495 3224 ponenda

412 3247 456 3294 etc
477 3241 598 3294 sufficiat
618 3241 644 3293 01
665 3245 725 3293 1001
747 3239 783 3293 ad
807 3238 1006 3310 opponendum
1027 3256 1112 3308 quarn
1131 3239 1167 3292 sd
1186 3239 1349 3294 intrandum
1367 3241 1396 3294 in
1415 3259 1495 3296 sacra

412 3329 552 3398 theologia
564 3329 606 3381 110
618 3333 650 3381 vt
662 3328 722 3382 eius
734 3328 868 3382 admissio
880 3333 938 3382 stet
947 3346 998 3398 pro
1007 3327 1154 3397 completis
1162 3326 1251 3396 010110
1263 3336 1292 3381 01
1304 3329 1393 3382 101010
1430 3329 1493 3383 Ρ10-

414 3423 543 3472 scutatus
551 3416 749 3486 perductorem
760 3417 847 3470 Perne
855 3423 884 3470 et
892 3415 1032 3470 admissus
1041 3415 1138 3470 eodem
1170 3417 1493 3490 (peregitomniemarp.)

342 3503 512 3559 Conceditur
534 3507 567 3555 13
589 3503 657 3556 Maii
677 3503 812 3571 magistro
833 3503 883 3556 Ed.
908 3503 1030 3572 Buckley
1052 3507 1084 3556 vt
1106 3503 1233 3556 studium
1255 3503 1281 3572 vj
1304 3521 1441 3558 annorum
1463 3505 1493 3559 iu

412 3591 551 3660 theologia
563 3598 713 3660 postquam
726 3593 829 3644 rexerit
841 3591 870 3644 in
884 3590 993 3644 artibus
1005 3609 1070 3644 cum
1083 3591 1308 3660 oppositionibus
1324 3599 1370 3644 etc
1387 3593 1493 3662 perlici·

412 3680 492 3735 endis
504 3679 577 3732 inira
588 3696 694 3732 annum
707 3696 756 3732 000
768 3678 948 3732 admissionis
960 3677 1014 3731 sub
1026 3695 1100 3748 pena
1112 3679 1137 3747 vj
1146 3679 1165 3731 li
1178 3677 1308 3748 ponenda
1320 3677 1348 3730 in
1362 3679 1494 3734 manibus

413 3773 623 3838 procuratorum
636 3769 702 3818 ante
714 3765 774 3818 eius
786 3765 986 3818 admissionem
1002 3765 1124 3818 sufficiat
1136 3766 1162 3818 ei
1175 3769 1234 3818 1010
1247 3765 1282 3818 sd
1295 3766 1492 3835 opponendum
1538 3825 1541 3832 .

413 3873 497 3926 quarn
519 3854 555 3907 ad
571 3853 736 3908 intrandum
754 3854 783 3906 in
802 3871 881 3908 011010
903 3853 1042 3923 theologia
1080 3855 1261 3906 Prosentatus
1280 3871 1329 3923 per
1348 3853 1490 3908 doctorem

412 3942 555 4012 Whitgyft
566 3949 596 3994 et
607 3940 748 3994 admissus
760 3946 794 3994 28
808 3941 877 3994 Maii
915 3945 1119 4011 (respectuatur
1130 3943 1229 4012 10019.)

343 4034 448 4088 Eadem
460 4031 550 4101 gratia
562 4029 724 4084 conceditur
735 4030 831 4084 eodem
846 4031 979 4099 magistro
992 4031 1008 4084 J
1012 4049 1035 4084 o.
1048 4032 1156 4102 Lynsey
1168 4047 1230 4083 cum
1244 4029 1338 4082 studio
1349 4031 1395 4101 viij
1406 4049 1492 4086 anno-

413 4138 474 4174 rum
487 4125 516 4172 et
529 4117 582 4172 sub
594 4119 722 4172 cautione
738 4137 775 4172 00
816 4119 961 4188 (1011010011
977 4120 1213 4189 etsolvitmarp.)
1252 4119 1431 4172 Presentatus
1444 4137 1493 4190 per

410 4209 554 4262 doctorem
572 4206 753 4274 Longeworth
770 4210 799 4260 et
815 4206 956 4260 admissus
973 4207 1069 4260 eodem

343 4301 416 4354 Item
434 4295 567 4364 magistro
587 4293 658 4348 Heu.
677 4293 779 4348 Waren
801 4298 833 4348 10
852 4294 932 4348 Junii
953 4311 1017 4348 cum
1036 4295 1131 4350 studio
1151 4294 1213 4365 1111]Ιο
1233 4311 1371 4350 00001001
1392 4299 1421 4352 01
1438 4297 1493 4354 sub
