3376 5108
348 345 412 409 100
781 356 895 408 esron
918 358 1010 407 soon
1034 359 1056 406 Δ
1338 344 1507 429 [1553-54

348 517 423 572 item
435 515 599 571 conceditur
608 514 780 571 vtdominus
790 515 1023 587 proeancellarius
1035 516 1164 572 doctores
1176 517 1252 589 Glyn
1261 517 1413 589 Atkyneon
1426 516 1507 573 Scott

418 606 536 660 Watson
549 609 579 659 et
590 603 726 675 magister
737 604 903 676 Segiswicke
915 610 1008 660 vestro
1021 605 1135 661 nomine
1144 605 1282 660 Oxoniem
1295 605 1507 678 proficiscantur

418 693 454 748 ad
466 692 697 764 propugnandam
707 709 800 748 veram
814 697 844 748 et
855 692 1022 748 catholicam
1035 692 1118 748 fidem
1132 699 1161 748 et
1170 695 1341 749 contrariam
1349 693 1506 750 doctrinam

418 781 639 853 impugnandam
651 785 682 836 et
693 781 774 836 litere
786 798 819 836 ee
830 780 866 836 de
877 799 908 836 re
919 781 955 836 ad
966 781 1137 836 Oxonienses
1149 780 1305 853 conscripte
1313 781 1404 853 sigillo
1414 784 1507 836 vestro

418 869 560 925 communi
572 869 772 940 consignentur

349 958 422 1013 item
441 957 603 1013 conceditur
621 963 653 1011 vt
671 957 894 1013 instrumentum
913 957 964 1012 fiat
981 961 1013 1011 vt
1031 957 1132 1013 horum
1149 957 1229 1012 vobis
1246 957 1302 1012 iam
1319 957 1504 1028 proiectorum

417 1046 600 1102 articulorum
616 1045 745 1102 doctrine
761 1063 831 1102 sana
847 1047 886 1101 sit
901 1050 931 1100 et
947 1046 1086 1101 catholica
1102 1052 1188 1117 atque
1202 1064 1267 1101 curn
1281 1046 1399 1101 veritate
1411 1045 1504 1100 ortho·

418 1133 489 1189 dore
500 1133 565 1188 fidei
577 1134 757 1189 consentiens
768 1139 798 1188 et
810 1138 903 1189 vestro
916 1151 1055 1188 consensu
1066 1137 1096 1188 et
1108 1133 1248 1204 suffragiis
1260 1133 1458 1205 comprobetur

348 1222 423 1277 Item
439 1221 602 1277 conceditur
618 1225 650 1275 vt
666 1227 760 1292 preter
776 1222 873 1277 literas
889 1221 973 1276 modo
989 1221 1077 1276 lectes
1092 1220 1173 1277 litere
1189 1221 1276 1277 etiam
1293 1219 1506 1276 conscribentur

417 1309 453 1364 ad
472 1308 644 1382 prenobilem
664 1310 756 1365 virum
776 1309 922 1366 dominum
947 1309 1047 1381 Pagett
1067 1312 1097 1364 et
1118 1309 1276 1380 sigillentur
1300 1309 1392 1380 sigillo
1412 1311 1505 1363 vestro

418 1398 560 1454 communi

349 1486 422 1541 Item
446 1485 609 1541 conceditur
631 1491 663 1540 vt
686 1485 830 1558 responsio
854 1486 884 1540 in
909 1483 1057 1540 medicinis
1080 1486 1116 1541 ed
1137 1504 1223 1558 quem
1244 1490 1357 1542 tenetur
1377 1485 1505 1556 inceptor

419 1572 587 1629 Steudisshe
613 1573 723 1629 racione
750 1574 929 1629 admissionis
955 1589 1004 1628 sue
1029 1573 1060 1629 in
1085 1574 1262 1630 doctoratum
1285 1573 1391 1629 differri
1414 1573 1504 1645 possit

419 1661 593 1733 usquedum
615 1661 729 1718 redierit
747 1679 764 1717 a
782 1660 911 1734 pertibus
932 1663 1129 1719 transmarinis
1153 1664 1247 1718 sicvt
1270 1662 1366 1718 omnia
1389 1667 1504 1734 peregat

418 1749 473 1805 sub
490 1767 563 1822 pena
580 1750 723 1805 caucionis
740 1748 823 1805 realis
840 1750 890 1806 xls

349 1838 424 1895 item
440 1838 603 1893 conceditur
614 1841 647 1893 vt
662 1838 790 1894 doctores
802 1838 921 1894 Watson
937 1843 967 1894 et
985 1839 1126 1910 Langdele
1137 1843 1231 1894 vestro
1244 1839 1357 1893 nomine
1369 1839 1398 1892 in
1411 1837 1504 1893 causis

418 1925 581 1981 achademie
596 1925 793 1998 promovendis
809 1945 874 1982 cum
890 1927 1004 1983 domino
1020 1945 1131 1982 summo
1144 1927 1308 1982 cancellario
1319 1933 1405 1998 agant
1417 1932 1503 1998 atque

417 2012 538 2067 eundem
555 2012 708 2067 sollicitent
724 2019 754 2068 et
770 2031 804 2068 ea
820 2017 957 2084 peragant
973 2031 1027 2084 que
1043 2013 1079 2068 ed
1094 2013 1256 2069 achademie
1268 2015 1382 2085 negocia
1393 2013 1503 2070 confici·

417 2103 490 2158 enda
501 2103 607 2158 eisdem
619 2103 749 2174 expedire
761 2103 934 2159 videbuntur

347 2193 422 2247 item
447 2190 610 2246 conceditur
631 2195 664 2247 vt
684 2193 819 2263 magister
840 2192 972 2264 Haryson
997 2198 1027 2248 et
1050 2192 1182 2248 dominus
1205 2193 1351 2248 lohannes
1374 2193 1504 2249 Elwoode

417 2281 527 2352 possint
545 2281 684 2336 nominari
701 2281 817 2337 domino
834 2282 944 2337 Northe
962 2300 1013 2354 pro
1031 2283 1136 2337 vicaria
1153 2281 1188 2337 de
1206 2282 1326 2338 Burwell

346 2370 421 2425 item
433 2368 596 2424 conceditur
604 2375 636 2424 vt
649 2371 782 2441 magister
795 2370 864 2425 Dale
876 2371 915 2426 sit
926 2371 1083 2426 sacellarius
1096 2370 1257 2427 achademie
1266 2377 1295 2426 et
1307 2377 1403 2427 custos
1412 2372 1502 2427 crucis

416 2461 511 2511 vestra
522 2457 696 2512 authoritate

347 2546 421 2602 item
442 2544 605 2600 conceditur
621 2550 652 2599 vt
671 2547 804 2616 quoniam
827 2546 935 2601 nullum
954 2546 1047 2602 adhuc
1067 2551 1210 2604 statutum
1228 2550 1388 2604 confectum
1405 2553 1450 2603 est
1466 2548 1502 2603 de

416 2634 609 2688 nomiuccione
622 2634 717 2689 vicarii
733 2634 927 2691 Burwellensis
943 2638 1096 2693 consimilis
1112 2638 1179 2693 ordo
1196 2638 1360 2694 observetur
1371 2639 1420 2709 qui
1437 2639 1500 2694 hac-

416 2725 501 2776 tenus
524 2719 688 2775 observatus
708 2725 752 2775 est
773 2720 803 2775 in
828 2722 962 2778 electione
985 2727 1146 2779 tenatorum
1165 2725 1209 2779 viz
1228 2729 1260 2780 vt
1282 2742 1316 2780 ex
1340 2743 1387 2780 sex
1412 2726 1500 2779 nomi·

416 2807 519 2864 nandis
530 2825 581 2878 per
588 2808 735 2863 dominum
744 2809 1001 2867 vicecancellarium
1008 2813 1146 2883 prefectos
1153 2813 1331 2885 collegiorum
1343 2821 1394 2869 aut
1404 2830 1500 2868 eorum

416 2897 534 2952 vicarios
551 2902 580 2951 et
598 2896 726 2952 doctores
743 2897 799 2953 duo
817 2915 851 2953 ex
869 2899 925 2954 illis
942 2901 1123 2956 nominentur
1139 2919 1188 2973 per
1204 2919 1371 2957 eonsensum
1388 2901 1501 2956 maioris

416 2983 507 3055 partie
526 2983 615 3039 totius
633 2985 829 3040 uniuersitatis
846 2986 895 3056 qui
915 2987 1028 3057 quidem
1047 2989 1087 3043 sic
1108 2989 1246 3044 nominati
1265 2989 1388 3045 habeant
1405 2989 1502 3046 literas

416 3073 620 3130 nominacionis
631 3092 682 3129 sue
693 3074 784 3145 sigillo
796 3081 890 3131 vestro
901 3077 1044 3132 communi
1055 3078 1192 3149 sigillatas
