<?xml version="1.0" encoding="UTF-8"?>
<!DOCTYPE html PUBLIC "-//W3C//DTD XHTML 1.0 Transitional//EN"
    "http://www.w3.org/TR/xhtml1/DTD/xhtml1-transitional.dtd">
<html xmlns="http://www.w3.org/1999/xhtml" xml:lang="en" lang="en">
 <head>
  <title>
</title>
<meta http-equiv="Content-Type" content="text/html;charset=utf-8" />
  <meta name='ocr-system' content='tesseract 3.04.00' />
  <meta name='ocr-capabilities' content='ocr_page ocr_carea ocr_par ocr_line ocrx_word'/>
</head>
<body>
  <div class='ocr_page' id='page_1' title='image "./gracebookgreekl00venngoog_0199.png"; bbox 0 0 3376 5108; ppageno 0'>
   <div class='ocr_carea' id='block_1_1' title="bbox 336 321 1490 407">
    <p class='ocr_par' dir='ltr' id='par_1_1' title="bbox 336 321 1490 407">
     <span class='ocr_line' id='line_1_1' title="bbox 336 321 1490 407; baseline 0.002 -23"><span class='ocrx_word' id='word_1_1' title='bbox 336 321 399 385; x_wconf 88' lang='grc'><strong>166</strong></span> <span class='ocrx_word' id='word_1_2' title='bbox 770 336 882 384; x_wconf 76' lang='lat' dir='ltr'><strong>esron</strong></span> <span class='ocrx_word' id='word_1_3' title='bbox 905 336 998 385; x_wconf 80' lang='lat' dir='ltr'><strong>eoos</strong></span> <span class='ocrx_word' id='word_1_4' title='bbox 1020 338 1043 385; x_wconf 83' lang='lat' dir='ltr'><strong>n</strong></span> <span class='ocrx_word' id='word_1_5' title='bbox 1323 321 1490 407; x_wconf 80' lang='lat'>[1562-63</span> 
     </span>
    </p>
   </div>
   <div class='ocr_carea' id='block_1_2' title="bbox 217 490 1492 3299">
    <p class='ocr_par' dir='ltr' id='par_1_2' title="bbox 336 490 1492 1092">
     <span class='ocr_line' id='line_1_2' title="bbox 336 490 1489 547; baseline 0 -1"><span class='ocrx_word' id='word_1_6' title='bbox 336 490 505 546; x_wconf 71' lang='lat' dir='ltr'>Conceditur</span> <span class='ocrx_word' id='word_1_7' title='bbox 522 491 569 546; x_wconf 85' lang='lat' dir='ltr'><strong>xix</strong></span> <span class='ocrx_word' id='word_1_8' title='bbox 587 490 731 546; x_wconf 84' lang='lat' dir='ltr'><strong>Febmarii</strong></span> <span class='ocrx_word' id='word_1_9' title='bbox 750 490 869 545; x_wconf 84' lang='lat' dir='ltr'><strong>Ricardo</strong></span> <span class='ocrx_word' id='word_1_10' title='bbox 886 491 986 547; x_wconf 90' lang='lat' dir='ltr'><strong>Wroth</strong></span> <span class='ocrx_word' id='word_1_11' title='bbox 1003 495 1035 546; x_wconf 87' lang='lat' dir='ltr'><strong>vt</strong></span> <span class='ocrx_word' id='word_1_12' title='bbox 1051 490 1177 547; x_wconf 89' lang='lat' dir='ltr'><strong>studium</strong></span> <span class='ocrx_word' id='word_1_13' title='bbox 1195 495 1212 546; x_wconf 89' lang='grc'>8</span> <span class='ocrx_word' id='word_1_14' title='bbox 1228 509 1367 546; x_wconf 87' lang='lat' dir='ltr'><strong>annorum</strong></span> <span class='ocrx_word' id='word_1_15' title='bbox 1382 491 1413 546; x_wconf 89' lang='lat' dir='ltr'><strong>in</strong></span> <span class='ocrx_word' id='word_1_16' title='bbox 1428 491 1489 546; x_wconf 89' lang='lat' dir='ltr'><strong>iure</strong></span> 
     </span>
     <span class='ocr_line' id='line_1_3' title="bbox 406 577 1492 651; baseline 0 -17"><span class='ocrx_word' id='word_1_17' title='bbox 406 579 481 634; x_wconf 83' lang='lat' dir='ltr'><strong>civili</strong></span> <span class='ocrx_word' id='word_1_18' title='bbox 499 580 605 650; x_wconf 82' lang='lat' dir='ltr'><strong>partim</strong></span> <span class='ocrx_word' id='word_1_19' title='bbox 623 579 653 633; x_wconf 94' lang='lat' dir='ltr'><strong>in</strong></span> <span class='ocrx_word' id='word_1_20' title='bbox 672 577 725 633; x_wconf 87' lang='lat' dir='ltr'><strong>hac</strong></span> <span class='ocrx_word' id='word_1_21' title='bbox 743 579 927 634; x_wconf 79' lang='lat' dir='ltr'><strong>uniuersitate</strong></span> <span class='ocrx_word' id='word_1_22' title='bbox 946 580 1051 651; x_wconf 81' lang='lat' dir='ltr'><strong>partim</strong></span> <span class='ocrx_word' id='word_1_23' title='bbox 1072 581 1101 635; x_wconf 92' lang='lat' dir='ltr'><strong>in</strong></span> <span class='ocrx_word' id='word_1_24' title='bbox 1123 579 1275 636; x_wconf 70' lang='lat' dir='ltr'><strong>academiis</strong></span> <span class='ocrx_word' id='word_1_25' title='bbox 1295 580 1492 636; x_wconf 71' lang='lat' dir='ltr'><strong>transmarinis</strong></span> 
     </span>
     <span class='ocr_line' id='line_1_4' title="bbox 405 666 1492 741; baseline 0.001 -18"><span class='ocrx_word' id='word_1_26' title='bbox 405 686 470 723; x_wconf 92' lang='lat' dir='ltr'><strong>cum</strong></span> <span class='ocrx_word' id='word_1_27' title='bbox 482 666 707 739; x_wconf 90' lang='lat' dir='ltr'><strong>oppositionibus</strong></span> <span class='ocrx_word' id='word_1_28' title='bbox 719 668 946 740; x_wconf 79' lang='lat' dir='ltr'>responsionibus</span> <span class='ocrx_word' id='word_1_29' title='bbox 959 672 988 724; x_wconf 84' lang='lat' dir='ltr'><strong>et</strong></span> <span class='ocrx_word' id='word_1_30' title='bbox 999 669 1062 724; x_wconf 86' lang='lat' dir='ltr'><strong>aliis</strong></span> <span class='ocrx_word' id='word_1_31' title='bbox 1073 668 1212 736; x_wconf 82' lang='lat' dir='ltr'><strong>exercitiis</strong></span> <span class='ocrx_word' id='word_1_32' title='bbox 1224 686 1274 741; x_wconf 86' lang='lat' dir='ltr'><strong>par</strong></span> <span class='ocrx_word' id='word_1_33' title='bbox 1286 669 1373 740; x_wconf 80' lang='lat' dir='ltr'><strong>Regin</strong></span> <span class='ocrx_word' id='word_1_34' title='bbox 1381 673 1492 724; x_wconf 83' lang='lat' dir='ltr'><strong>statuta</strong></span> 
     </span>
     <span class='ocr_line' id='line_1_5' title="bbox 405 754 1490 828; baseline 0 -18"><span class='ocrx_word' id='word_1_35' title='bbox 405 755 549 827; x_wconf 77' lang='lat' dir='ltr'><strong>requisitis</strong></span> <span class='ocrx_word' id='word_1_36' title='bbox 565 754 741 826; x_wconf 87' lang='lat' dir='ltr'><strong>perficiendis</strong></span> <span class='ocrx_word' id='word_1_37' title='bbox 757 755 831 811; x_wconf 80' lang='lat' dir='ltr'><strong>inira</strong></span> <span class='ocrx_word' id='word_1_38' title='bbox 847 774 953 811; x_wconf 85' lang='lat' dir='ltr'><strong>annum</strong></span> <span class='ocrx_word' id='word_1_39' title='bbox 971 761 1036 828; x_wconf 91' lang='lat' dir='ltr'><strong>post</strong></span> <span class='ocrx_word' id='word_1_40' title='bbox 1051 757 1112 811; x_wconf 91' lang='lat' dir='ltr'><strong>eius</strong></span> <span class='ocrx_word' id='word_1_41' title='bbox 1130 757 1328 813; x_wconf 71' lang='lat' dir='ltr'><strong>admissionem</strong></span> <span class='ocrx_word' id='word_1_42' title='bbox 1346 755 1400 812; x_wconf 90' lang='lat' dir='ltr'><strong>sub</strong></span> <span class='ocrx_word' id='word_1_43' title='bbox 1417 773 1490 828; x_wconf 87' lang='lat' dir='ltr'><strong>pena</strong></span> 
     </span>
     <span class='ocr_line' id='line_1_6' title="bbox 406 842 1489 917; baseline -0.001 -18"><span class='ocrx_word' id='word_1_44' title='bbox 406 843 463 916; x_wconf 87' lang='lat' dir='ltr'><strong>iiij¹¹</strong></span> <span class='ocrx_word' id='word_1_45' title='bbox 481 842 674 915; x_wconf 79' lang='lat' dir='ltr'><strong>ponendorum</strong></span> <span class='ocrx_word' id='word_1_46' title='bbox 695 843 725 897; x_wconf 91' lang='lat' dir='ltr'><strong>in</strong></span> <span class='ocrx_word' id='word_1_47' title='bbox 747 843 878 900; x_wconf 84' lang='lat' dir='ltr'><strong>manibus</strong></span> <span class='ocrx_word' id='word_1_48' title='bbox 898 850 1110 917; x_wconf 85' lang='lat' dir='ltr'><strong>procuratorum</strong></span> <span class='ocrx_word' id='word_1_49' title='bbox 1128 849 1194 900; x_wconf 83' lang='lat' dir='ltr'><strong>aute</strong></span> <span class='ocrx_word' id='word_1_50' title='bbox 1211 845 1273 900; x_wconf 90' lang='lat' dir='ltr'><strong>eius</strong></span> <span class='ocrx_word' id='word_1_51' title='bbox 1290 844 1489 900; x_wconf 83' lang='lat' dir='ltr'><strong>admissionem</strong></span> 
     </span>
     <span class='ocr_line' id='line_1_7' title="bbox 405 931 1489 1005; baseline -0.002 -17"><span class='ocrx_word' id='word_1_52' title='bbox 405 933 526 988; x_wconf 89' lang='lat' dir='ltr'><strong>sufficiat</strong></span> <span class='ocrx_word' id='word_1_53' title='bbox 542 933 568 987; x_wconf 92' lang='lat' dir='ltr'><strong>ei</strong></span> <span class='ocrx_word' id='word_1_54' title='bbox 583 932 620 988; x_wconf 89' lang='lat' dir='ltr'><strong>ad</strong></span> <span class='ocrx_word' id='word_1_55' title='bbox 637 931 802 987; x_wconf 85' lang='lat' dir='ltr'><strong>intrandum</strong></span> <span class='ocrx_word' id='word_1_56' title='bbox 820 933 850 987; x_wconf 92' lang='lat' dir='ltr'><strong>in</strong></span> <span class='ocrx_word' id='word_1_57' title='bbox 868 933 966 989; x_wconf 91' lang='lat' dir='ltr'><strong>eodem</strong></span> <span class='ocrx_word' id='word_1_58' title='bbox 984 934 1044 989; x_wconf 87' lang='lat' dir='ltr'><strong>iure</strong></span> <span class='ocrx_word' id='word_1_59' title='bbox 1081 934 1263 989; x_wconf 82' lang='lat' dir='ltr'><strong>Prosentatus</strong></span> <span class='ocrx_word' id='word_1_60' title='bbox 1280 950 1330 1005; x_wconf 89' lang='lat' dir='ltr'><strong>per</strong></span> <span class='ocrx_word' id='word_1_61' title='bbox 1346 931 1489 988; x_wconf 79' lang='lat' dir='ltr'><strong>doctorem</strong></span> 
     </span>
     <span class='ocr_line' id='line_1_8' title="bbox 406 1018 1022 1092; baseline 0 -17"><span class='ocrx_word' id='word_1_62' title='bbox 406 1019 504 1090; x_wconf 84' lang='lat' dir='ltr'><strong>Harvy</strong></span> <span class='ocrx_word' id='word_1_63' title='bbox 522 1036 541 1072; x_wconf 87' lang='lat' dir='ltr'>v</span> <span class='ocrx_word' id='word_1_64' title='bbox 559 1018 655 1073; x_wconf 83' lang='lat' dir='ltr'><strong>Martii</strong></span> <span class='ocrx_word' id='word_1_65' title='bbox 674 1018 781 1088; x_wconf 85' lang='lat' dir='ltr'><strong>(omnia</strong></span> <span class='ocrx_word' id='word_1_66' title='bbox 798 1019 906 1090; x_wconf 84' lang='lat' dir='ltr'><strong>peregit</strong></span> <span class='ocrx_word' id='word_1_67' title='bbox 922 1021 1022 1092; x_wconf 70' lang='lat' dir='ltr'><strong>scorp.)</strong></span> 
     </span>
    </p>

    <p class='ocr_par' dir='ltr' id='par_1_3' title="bbox 335 1106 1489 1358">
     <span class='ocr_line' id='line_1_9' title="bbox 335 1106 1487 1178; baseline -0.003 -13"><span class='ocrx_word' id='word_1_68' title='bbox 335 1109 506 1166; x_wconf 86' lang='lat' dir='ltr'><strong>Conceditur</strong></span> <span class='ocrx_word' id='word_1_69' title='bbox 517 1113 534 1164; x_wconf 77' lang='lat'>2</span> <span class='ocrx_word' id='word_1_70' title='bbox 546 1107 654 1178; x_wconf 81' lang='lat' dir='ltr'><strong>Aprilis</strong></span> <span class='ocrx_word' id='word_1_71' title='bbox 666 1106 734 1162; x_wconf 82' lang='lat' dir='ltr'><strong>Tho.</strong></span> <span class='ocrx_word' id='word_1_72' title='bbox 745 1106 835 1163; x_wconf 87' lang='lat' dir='ltr'><strong>Creke</strong></span> <span class='ocrx_word' id='word_1_73' title='bbox 846 1111 879 1164; x_wconf 88' lang='lat' dir='ltr'><strong>vt</strong></span> <span class='ocrx_word' id='word_1_74' title='bbox 890 1108 1018 1164; x_wconf 90' lang='lat' dir='ltr'><strong>studium</strong></span> <span class='ocrx_word' id='word_1_75' title='bbox 1031 1109 1058 1163; x_wconf 84' lang='lat' dir='ltr'><strong>vi</strong></span> <span class='ocrx_word' id='word_1_76' title='bbox 1071 1126 1209 1164; x_wconf 88' lang='lat' dir='ltr'><strong>annorum</strong></span> <span class='ocrx_word' id='word_1_77' title='bbox 1221 1109 1251 1164; x_wconf 93' lang='lat' dir='ltr'><strong>in</strong></span> <span class='ocrx_word' id='word_1_78' title='bbox 1262 1109 1323 1164; x_wconf 87' lang='lat' dir='ltr'><strong>iure</strong></span> <span class='ocrx_word' id='word_1_79' title='bbox 1335 1108 1411 1164; x_wconf 87' lang='lat' dir='ltr'><strong>civili</strong></span> <span class='ocrx_word' id='word_1_80' title='bbox 1423 1125 1487 1162; x_wconf 90' lang='lat' dir='ltr'><strong>cum</strong></span> 
     </span>
     <span class='ocr_line' id='line_1_10' title="bbox 406 1195 1489 1270; baseline -0.002 -17"><span class='ocrx_word' id='word_1_81' title='bbox 406 1196 630 1270; x_wconf 86' lang='lat' dir='ltr'><strong>oppositionibus</strong></span> <span class='ocrx_word' id='word_1_82' title='bbox 653 1195 882 1267; x_wconf 77' lang='lat' dir='ltr'><strong>responsionibus</strong></span> <span class='ocrx_word' id='word_1_83' title='bbox 903 1201 933 1252; x_wconf 92' lang='lat' dir='ltr'><strong>et</strong></span> <span class='ocrx_word' id='word_1_84' title='bbox 953 1195 1016 1251; x_wconf 90' lang='lat' dir='ltr'><strong>aliis</strong></span> <span class='ocrx_word' id='word_1_85' title='bbox 1036 1198 1176 1252; x_wconf 82' lang='lat' dir='ltr'><strong>exercitiis</strong></span> <span class='ocrx_word' id='word_1_86' title='bbox 1198 1215 1248 1268; x_wconf 87' lang='lat' dir='ltr'><strong>per</strong></span> <span class='ocrx_word' id='word_1_87' title='bbox 1273 1197 1358 1267; x_wconf 82' lang='lat' dir='ltr'><strong>Regia</strong></span> <span class='ocrx_word' id='word_1_88' title='bbox 1379 1201 1489 1252; x_wconf 87' lang='lat' dir='ltr'><strong>statuta</strong></span> 
     </span>
     <span class='ocr_line' id='line_1_11' title="bbox 405 1283 1285 1358; baseline 0 -17"><span class='ocrx_word' id='word_1_89' title='bbox 405 1286 549 1358; x_wconf 78' lang='lat' dir='ltr'><strong>requisitis</strong></span> <span class='ocrx_word' id='word_1_90' title='bbox 567 1285 688 1340; x_wconf 86' lang='lat' dir='ltr'><strong>sufficiat</strong></span> <span class='ocrx_word' id='word_1_91' title='bbox 706 1285 731 1339; x_wconf 95' lang='lat' dir='ltr'><strong>ei</strong></span> <span class='ocrx_word' id='word_1_92' title='bbox 750 1283 785 1339; x_wconf 91' lang='lat' dir='ltr'><strong>ad</strong></span> <span class='ocrx_word' id='word_1_93' title='bbox 804 1284 969 1340; x_wconf 79' lang='lat' dir='ltr'><strong>intrandum</strong></span> <span class='ocrx_word' id='word_1_94' title='bbox 987 1285 1017 1340; x_wconf 88' lang='lat' dir='ltr'><strong>in</strong></span> <span class='ocrx_word' id='word_1_95' title='bbox 1035 1285 1133 1340; x_wconf 89' lang='lat' dir='ltr'><strong>eadem</strong></span> <span class='ocrx_word' id='word_1_96' title='bbox 1151 1285 1285 1341; x_wconf 73' lang='lat' dir='ltr'><strong>facultate</strong></span> 
     </span>
    </p>

    <p class='ocr_par' dir='ltr' id='par_1_4' title="bbox 334 1372 1488 1518">
     <span class='ocr_line' id='line_1_12' title="bbox 334 1372 1488 1445; baseline -0.003 -14"><span class='ocrx_word' id='word_1_97' title='bbox 334 1374 504 1431; x_wconf 79' lang='lat' dir='ltr'><strong>Conceditur</strong></span> <span class='ocrx_word' id='word_1_98' title='bbox 514 1372 605 1428; x_wconf 90' lang='lat' dir='ltr'><strong>eidem</strong></span> <span class='ocrx_word' id='word_1_99' title='bbox 617 1376 649 1426; x_wconf 74' lang='lat' dir='ltr'><strong>lt</strong></span> <span class='ocrx_word' id='word_1_100' title='bbox 661 1372 679 1426; x_wconf 91' lang='lat' dir='ltr'>J</span> <span class='ocrx_word' id='word_1_101' title='bbox 681 1372 741 1427; x_wconf 91' lang='lat' dir='ltr'><strong>unii</strong></span> <span class='ocrx_word' id='word_1_102' title='bbox 751 1376 783 1426; x_wconf 89' lang='lat' dir='ltr'><strong>vt</strong></span> <span class='ocrx_word' id='word_1_103' title='bbox 791 1372 958 1445; x_wconf 87' lang='lat' dir='ltr'><strong>respondeat</strong></span> <span class='ocrx_word' id='word_1_104' title='bbox 970 1375 1000 1428; x_wconf 92' lang='lat' dir='ltr'><strong>in</strong></span> <span class='ocrx_word' id='word_1_105' title='bbox 1013 1373 1113 1429; x_wconf 87' lang='lat' dir='ltr'><strong>habitu</strong></span> <span class='ocrx_word' id='word_1_106' title='bbox 1124 1373 1302 1430; x_wconf 86' lang='lat' dir='ltr'><strong>baohalaurei</strong></span> <span class='ocrx_word' id='word_1_107' title='bbox 1315 1373 1488 1428; x_wconf 76' lang='lat' dir='ltr'><strong>authoritate</strong></span> 
     </span>
     <span class='ocr_line' id='line_1_13' title="bbox 405 1461 556 1518; baseline -0.02 0"><span class='ocrx_word' id='word_1_108' title='bbox 405 1461 556 1518; x_wconf 81' lang='lat' dir='ltr'><strong>Academia</strong></span> 
     </span>
    </p>

    <p class='ocr_par' dir='ltr' id='par_1_5' title="bbox 334 1546 1488 1980">
     <span class='ocr_line' id='line_1_14' title="bbox 334 1546 1488 1620; baseline -0.003 -12"><span class='ocrx_word' id='word_1_109' title='bbox 334 1551 505 1608; x_wconf 83' lang='lat' dir='ltr'><strong>Conceditur</strong></span> <span class='ocrx_word' id='word_1_110' title='bbox 520 1548 578 1620; x_wconf 83' lang='lat' dir='ltr'><strong>xiiij</strong></span> <span class='ocrx_word' id='word_1_111' title='bbox 597 1547 666 1602; x_wconf 86' lang='lat' dir='ltr'><strong>Maii</strong></span> <span class='ocrx_word' id='word_1_112' title='bbox 678 1547 696 1601; x_wconf 90' lang='lat' dir='ltr'>J</span> <span class='ocrx_word' id='word_1_113' title='bbox 697 1564 721 1601; x_wconf 90' lang='grc' dir='ltr'><strong>ο.</strong></span> <span class='ocrx_word' id='word_1_114' title='bbox 736 1546 841 1602; x_wconf 85' lang='lat' dir='ltr'><strong>Bames</strong></span> <span class='ocrx_word' id='word_1_115' title='bbox 854 1555 885 1602; x_wconf 87' lang='lat' dir='ltr'><strong>vt</strong></span> <span class='ocrx_word' id='word_1_116' title='bbox 901 1548 1029 1604; x_wconf 89' lang='lat' dir='ltr'><strong>studium</strong></span> <span class='ocrx_word' id='word_1_117' title='bbox 1041 1568 1059 1604; x_wconf 84' lang='lat' dir='ltr'>x</span> <span class='ocrx_word' id='word_1_118' title='bbox 1070 1567 1209 1606; x_wconf 86' lang='lat' dir='ltr'><strong>annorum</strong></span> <span class='ocrx_word' id='word_1_119' title='bbox 1221 1551 1251 1604; x_wconf 92' lang='lat' dir='ltr'><strong>in</strong></span> <span class='ocrx_word' id='word_1_120' title='bbox 1263 1551 1323 1606; x_wconf 88' lang='lat' dir='ltr'><strong>iure</strong></span> <span class='ocrx_word' id='word_1_121' title='bbox 1335 1551 1411 1606; x_wconf 84' lang='lat' dir='ltr'><strong>civili</strong></span> <span class='ocrx_word' id='word_1_122' title='bbox 1422 1567 1488 1604; x_wconf 89' lang='lat' dir='ltr'><strong>oum</strong></span> 
     </span>
     <span class='ocr_line' id='line_1_15' title="bbox 405 1637 1488 1712; baseline -0.002 -17"><span class='ocrx_word' id='word_1_123' title='bbox 405 1637 628 1712; x_wconf 90' lang='lat' dir='ltr'><strong>oppositionibus</strong></span> <span class='ocrx_word' id='word_1_124' title='bbox 646 1641 698 1692; x_wconf 81' lang='lat' dir='ltr'><strong>etc</strong></span> <span class='ocrx_word' id='word_1_125' title='bbox 717 1637 893 1708; x_wconf 87' lang='lat' dir='ltr'><strong>perficiendis</strong></span> <span class='ocrx_word' id='word_1_126' title='bbox 912 1639 986 1694; x_wconf 82' lang='lat' dir='ltr'><strong>infra</strong></span> <span class='ocrx_word' id='word_1_127' title='bbox 1004 1657 1111 1695; x_wconf 90' lang='lat' dir='ltr'><strong>annum</strong></span> <span class='ocrx_word' id='word_1_128' title='bbox 1129 1645 1194 1711; x_wconf 92' lang='lat' dir='ltr'><strong>post</strong></span> <span class='ocrx_word' id='word_1_129' title='bbox 1211 1640 1272 1696; x_wconf 88' lang='lat' dir='ltr'><strong>eius</strong></span> <span class='ocrx_word' id='word_1_130' title='bbox 1289 1640 1488 1696; x_wconf 85' lang='lat' dir='ltr'><strong>admissionem</strong></span> 
     </span>
     <span class='ocr_line' id='line_1_16' title="bbox 404 1724 1488 1800; baseline -0.001 -16"><span class='ocrx_word' id='word_1_131' title='bbox 404 1727 459 1784; x_wconf 89' lang='lat' dir='ltr'><strong>sub</strong></span> <span class='ocrx_word' id='word_1_132' title='bbox 475 1745 547 1799; x_wconf 90' lang='lat' dir='ltr'><strong>pena</strong></span> <span class='ocrx_word' id='word_1_133' title='bbox 560 1725 603 1797; x_wconf 84' lang='lat' dir='ltr'>vj¹¹</span> <span class='ocrx_word' id='word_1_134' title='bbox 616 1725 688 1797; x_wconf 89' lang='lat' dir='ltr'><strong>xiijs</strong></span> <span class='ocrx_word' id='word_1_135' title='bbox 704 1724 772 1796; x_wconf 90' lang='lat' dir='ltr'><strong>iiijd</strong></span> <span class='ocrx_word' id='word_1_136' title='bbox 789 1727 918 1796; x_wconf 89' lang='lat' dir='ltr'><strong>ponenda</strong></span> <span class='ocrx_word' id='word_1_137' title='bbox 934 1729 963 1782; x_wconf 91' lang='lat' dir='ltr'><strong>in</strong></span> <span class='ocrx_word' id='word_1_138' title='bbox 980 1728 1112 1784; x_wconf 85' lang='lat' dir='ltr'><strong>manibus</strong></span> <span class='ocrx_word' id='word_1_139' title='bbox 1125 1733 1338 1800; x_wconf 82' lang='lat' dir='ltr'><strong>procuratorum</strong></span> <span class='ocrx_word' id='word_1_140' title='bbox 1350 1732 1416 1783; x_wconf 89' lang='lat' dir='ltr'><strong>ante</strong></span> <span class='ocrx_word' id='word_1_141' title='bbox 1428 1728 1488 1783; x_wconf 85' lang='lat' dir='ltr'><strong>eius</strong></span> 
     </span>
     <span class='ocr_line' id='line_1_17' title="bbox 404 1814 1488 1874; baseline 0.001 0"><span class='ocrx_word' id='word_1_142' title='bbox 404 1816 603 1874; x_wconf 74' lang='lat' dir='ltr'><strong>admissionem</strong></span> <span class='ocrx_word' id='word_1_143' title='bbox 621 1814 742 1870; x_wconf 86' lang='lat' dir='ltr'><strong>sufficiat</strong></span> <span class='ocrx_word' id='word_1_144' title='bbox 760 1815 786 1869; x_wconf 92' lang='lat' dir='ltr'><strong>ei</strong></span> <span class='ocrx_word' id='word_1_145' title='bbox 807 1815 844 1870; x_wconf 83' lang='lat' dir='ltr'><strong>ad</strong></span> <span class='ocrx_word' id='word_1_146' title='bbox 863 1815 1027 1872; x_wconf 85' lang='lat' dir='ltr'><strong>intrandum</strong></span> <span class='ocrx_word' id='word_1_147' title='bbox 1047 1819 1076 1872; x_wconf 91' lang='lat' dir='ltr'><strong>in</strong></span> <span class='ocrx_word' id='word_1_148' title='bbox 1095 1818 1192 1873; x_wconf 90' lang='lat' dir='ltr'><strong>eodem</strong></span> <span class='ocrx_word' id='word_1_149' title='bbox 1210 1819 1270 1874; x_wconf 91' lang='lat' dir='ltr'><strong>iure</strong></span> <span class='ocrx_word' id='word_1_150' title='bbox 1307 1819 1488 1874; x_wconf 79' lang='lat' dir='ltr'><strong>Piesentatus</strong></span> 
     </span>
     <span class='ocr_line' id='line_1_18' title="bbox 405 1903 1181 1980; baseline 0.001 -19"><span class='ocrx_word' id='word_1_151' title='bbox 405 1924 455 1980; x_wconf 88' lang='lat' dir='ltr'><strong>per</strong></span> <span class='ocrx_word' id='word_1_152' title='bbox 471 1905 613 1960; x_wconf 90' lang='lat' dir='ltr'><strong>doctorem</strong></span> <span class='ocrx_word' id='word_1_153' title='bbox 631 1903 747 1975; x_wconf 84' lang='lat' dir='ltr'><strong>Harvye</strong></span> <span class='ocrx_word' id='word_1_154' title='bbox 765 1903 812 1975; x_wconf 81' lang='lat' dir='ltr'><strong>ij‘¹⁰</strong></span> <span class='ocrx_word' id='word_1_155' title='bbox 829 1903 900 1959; x_wconf 88' lang='lat' dir='ltr'><strong>Julii</strong></span> <span class='ocrx_word' id='word_1_156' title='bbox 918 1906 1064 1976; x_wconf 79' lang='lat' dir='ltr'><strong>(forisfecit</strong></span> <span class='ocrx_word' id='word_1_157' title='bbox 1082 1909 1181 1980; x_wconf 68' lang='lat' dir='ltr'><strong>story.)</strong></span> 
     </span>
    </p>

    <p class='ocr_par' dir='ltr' id='par_1_6' title="bbox 333 1991 1488 2246">
     <span class='ocr_line' id='line_1_19' title="bbox 333 1991 1487 2068; baseline -0.002 -15"><span class='ocrx_word' id='word_1_158' title='bbox 333 1995 504 2053; x_wconf 78' lang='lat' dir='ltr'><strong>Conceditur</strong></span> <span class='ocrx_word' id='word_1_159' title='bbox 520 1993 557 2064; x_wconf 83' lang='lat' dir='ltr'><strong>xij</strong></span> <span class='ocrx_word' id='word_1_160' title='bbox 574 1991 592 2046; x_wconf 85' lang='lat' dir='ltr'>J</span> <span class='ocrx_word' id='word_1_161' title='bbox 594 1993 655 2048; x_wconf 89' lang='lat' dir='ltr'><strong>unii</strong></span> <span class='ocrx_word' id='word_1_162' title='bbox 667 1991 764 2047; x_wconf 86' lang='lat' dir='ltr'><strong>eadem</strong></span> <span class='ocrx_word' id='word_1_163' title='bbox 775 1993 867 2063; x_wconf 83' lang='lat' dir='ltr'><strong>gratia</strong></span> <span class='ocrx_word' id='word_1_164' title='bbox 878 1992 913 2048; x_wconf 91' lang='lat' dir='ltr'><strong>de</strong></span> <span class='ocrx_word' id='word_1_165' title='bbox 925 1993 1010 2049; x_wconf 84' lang='lat' dir='ltr'><strong>verbo</strong></span> <span class='ocrx_word' id='word_1_166' title='bbox 1021 1995 1051 2050; x_wconf 91' lang='lat' dir='ltr'><strong>in</strong></span> <span class='ocrx_word' id='word_1_167' title='bbox 1064 1994 1181 2051; x_wconf 89' lang='lat' dir='ltr'><strong>verbum</strong></span> <span class='ocrx_word' id='word_1_168' title='bbox 1193 1995 1237 2051; x_wconf 87' lang='lat' dir='ltr'><strong>Jo.</strong></span> <span class='ocrx_word' id='word_1_169' title='bbox 1251 1996 1369 2068; x_wconf 86' lang='lat' dir='ltr'><strong>Meryall</strong></span> <span class='ocrx_word' id='word_1_170' title='bbox 1381 2002 1410 2052; x_wconf 90' lang='lat' dir='ltr'><strong>et</strong></span> <span class='ocrx_word' id='word_1_171' title='bbox 1422 2014 1487 2051; x_wconf 88' lang='lat' dir='ltr'><strong>oum</strong></span> 
     </span>
     <span class='ocr_line' id='line_1_20' title="bbox 405 2080 1488 2155; baseline 0.002 -16"><span class='ocrx_word' id='word_1_172' title='bbox 405 2086 457 2139; x_wconf 90' lang='lat' dir='ltr'><strong>hac</strong></span> <span class='ocrx_word' id='word_1_173' title='bbox 473 2080 633 2137; x_wconf 88' lang='lat' dir='ltr'><strong>conditione</strong></span> <span class='ocrx_word' id='word_1_174' title='bbox 644 2085 676 2136; x_wconf 88' lang='lat' dir='ltr'><strong>vt</strong></span> <span class='ocrx_word' id='word_1_175' title='bbox 691 2081 857 2137; x_wconf 79' lang='lat' dir='ltr'><strong>convivetur</strong></span> <span class='ocrx_word' id='word_1_176' title='bbox 873 2082 903 2137; x_wconf 94' lang='lat' dir='ltr'><strong>in</strong></span> <span class='ocrx_word' id='word_1_177' title='bbox 919 2083 1054 2155; x_wconf 85' lang='lat' dir='ltr'><strong>proximis</strong></span> <span class='ocrx_word' id='word_1_178' title='bbox 1070 2084 1192 2139; x_wconf 87' lang='lat' dir='ltr'><strong>comitiis</strong></span> <span class='ocrx_word' id='word_1_179' title='bbox 1209 2085 1238 2139; x_wconf 91' lang='lat' dir='ltr'><strong>in</strong></span> <span class='ocrx_word' id='word_1_180' title='bbox 1251 2085 1326 2140; x_wconf 81' lang='lat' dir='ltr'><strong>Aula</strong></span> <span class='ocrx_word' id='word_1_181' title='bbox 1338 2086 1488 2141; x_wconf 87' lang='lat' dir='ltr'><strong>Trinitatis</strong></span> 
     </span>
     <span class='ocr_line' id='line_1_21' title="bbox 404 2168 1325 2246; baseline -0.001 -18"><span class='ocrx_word' id='word_1_182' title='bbox 404 2174 587 2228; x_wconf 83' lang='lat' dir='ltr'><strong>Preeentatus</strong></span> <span class='ocrx_word' id='word_1_183' title='bbox 599 2187 649 2241; x_wconf 89' lang='lat' dir='ltr'><strong>per</strong></span> <span class='ocrx_word' id='word_1_184' title='bbox 660 2168 803 2225; x_wconf 90' lang='lat' dir='ltr'><strong>doctorem</strong></span> <span class='ocrx_word' id='word_1_185' title='bbox 817 2171 915 2244; x_wconf 85' lang='lat' dir='ltr'><strong>Hervy</strong></span> <span class='ocrx_word' id='word_1_186' title='bbox 927 2171 974 2226; x_wconf 72' lang='lat' dir='ltr'><strong>ii‘¹⁰</strong></span> <span class='ocrx_word' id='word_1_187' title='bbox 985 2172 1003 2227; x_wconf 90' lang='lat' dir='ltr'><strong>J</strong></span> <span class='ocrx_word' id='word_1_188' title='bbox 1005 2173 1055 2228; x_wconf 92' lang='lat' dir='ltr'><strong>ulii</strong></span> <span class='ocrx_word' id='word_1_189' title='bbox 1069 2173 1214 2242; x_wconf 78' lang='lat' dir='ltr'><strong>(forisfecit</strong></span> <span class='ocrx_word' id='word_1_190' title='bbox 1226 2175 1325 2246; x_wconf 74' lang='lat' dir='ltr'><strong>morq.)</strong></span> 
     </span>
    </p>

    <p class='ocr_par' dir='ltr' id='par_1_7' title="bbox 217 2257 1488 2774">
     <span class='ocr_line' id='line_1_22' title="bbox 217 2257 1488 2338; baseline 0 -22"><span class='ocrx_word' id='word_1_191' title='bbox 217 2258 320 2318; x_wconf 77' lang='lat' dir='ltr'><strong>i70a</strong></span> <span class='ocrx_word' id='word_1_192' title='bbox 333 2261 504 2320; x_wconf 85' lang='lat' dir='ltr'><strong>Conceditur</strong></span> <span class='ocrx_word' id='word_1_193' title='bbox 522 2258 559 2330; x_wconf 81' lang='lat' dir='ltr'><strong>xij</strong></span> <span class='ocrx_word' id='word_1_194' title='bbox 578 2257 658 2338; x_wconf 81' lang='lat' dir='ltr'><strong>Junii</strong></span> <span class='ocrx_word' id='word_1_195' title='bbox 676 2257 720 2313; x_wconf 87' lang='lat' dir='ltr'><strong>Jo.</strong></span> <span class='ocrx_word' id='word_1_196' title='bbox 739 2259 899 2316; x_wconf 86' lang='lat' dir='ltr'><strong>Standeven</strong></span> <span class='ocrx_word' id='word_1_197' title='bbox 919 2267 951 2315; x_wconf 85' lang='lat' dir='ltr'><strong>vt</strong></span> <span class='ocrx_word' id='word_1_198' title='bbox 971 2261 1098 2316; x_wconf 89' lang='lat' dir='ltr'><strong>studium</strong></span> <span class='ocrx_word' id='word_1_199' title='bbox 1120 2268 1292 2318; x_wconf 71' lang='lat' dir='ltr'><strong>bannorum</strong></span> <span class='ocrx_word' id='word_1_200' title='bbox 1314 2271 1343 2317; x_wconf 91' lang='lat' dir='ltr'><strong>et</strong></span> <span class='ocrx_word' id='word_1_201' title='bbox 1365 2263 1488 2334; x_wconf 88' lang='lat' dir='ltr'><strong>practica</strong></span> 
     </span>
     <span class='ocr_line' id='line_1_23' title="bbox 403 2347 1487 2421; baseline 0 -17"><span class='ocrx_word' id='word_1_202' title='bbox 403 2349 522 2404; x_wconf 84' lang='lat' dir='ltr'><strong>aliorum</strong></span> <span class='ocrx_word' id='word_1_203' title='bbox 538 2347 664 2418; x_wconf 91' lang='lat' dir='ltr'><strong>quinque</strong></span> <span class='ocrx_word' id='word_1_204' title='bbox 680 2364 817 2402; x_wconf 87' lang='lat' dir='ltr'><strong>annorum</strong></span> <span class='ocrx_word' id='word_1_205' title='bbox 833 2347 863 2401; x_wconf 91' lang='lat' dir='ltr'><strong>in</strong></span> <span class='ocrx_word' id='word_1_206' title='bbox 880 2348 940 2402; x_wconf 86' lang='lat' dir='ltr'><strong>iure</strong></span> <span class='ocrx_word' id='word_1_207' title='bbox 955 2349 1031 2403; x_wconf 87' lang='lat' dir='ltr'><strong>civili</strong></span> <span class='ocrx_word' id='word_1_208' title='bbox 1046 2366 1111 2404; x_wconf 89' lang='lat' dir='ltr'><strong>oum</strong></span> <span class='ocrx_word' id='word_1_209' title='bbox 1125 2349 1349 2421; x_wconf 89' lang='lat' dir='ltr'><strong>oppositionibus</strong></span> <span class='ocrx_word' id='word_1_210' title='bbox 1361 2353 1413 2404; x_wconf 90' lang='lat' dir='ltr'><strong>etc.</strong></span> <span class='ocrx_word' id='word_1_211' title='bbox 1426 2367 1487 2421; x_wconf 86' lang='lat' dir='ltr'><strong>per-</strong></span> 
     </span>
     <span class='ocr_line' id='line_1_24' title="bbox 403 2437 1486 2510; baseline -0.001 -16"><span class='ocrx_word' id='word_1_212' title='bbox 403 2439 529 2495; x_wconf 88' lang='lat' dir='ltr'><strong>ficiendis</strong></span> <span class='ocrx_word' id='word_1_213' title='bbox 541 2439 615 2494; x_wconf 87' lang='lat' dir='ltr'><strong>insra</strong></span> <span class='ocrx_word' id='word_1_214' title='bbox 625 2455 733 2493; x_wconf 90' lang='lat' dir='ltr'><strong>annum</strong></span> <span class='ocrx_word' id='word_1_215' title='bbox 744 2443 809 2509; x_wconf 90' lang='lat' dir='ltr'><strong>post</strong></span> <span class='ocrx_word' id='word_1_216' title='bbox 823 2437 885 2492; x_wconf 90' lang='lat' dir='ltr'><strong>eius</strong></span> <span class='ocrx_word' id='word_1_217' title='bbox 900 2437 1100 2493; x_wconf 87' lang='lat' dir='ltr'><strong>admissionem</strong></span> <span class='ocrx_word' id='word_1_218' title='bbox 1116 2437 1171 2492; x_wconf 87' lang='lat' dir='ltr'><strong>sub</strong></span> <span class='ocrx_word' id='word_1_219' title='bbox 1186 2455 1258 2509; x_wconf 87' lang='lat' dir='ltr'><strong>pena</strong></span> <span class='ocrx_word' id='word_1_220' title='bbox 1270 2437 1314 2509; x_wconf 80' lang='lat' dir='ltr'><strong>vj1¹</strong></span> <span class='ocrx_word' id='word_1_221' title='bbox 1331 2438 1403 2510; x_wconf 87' lang='lat' dir='ltr'><strong>xiijs</strong></span> <span class='ocrx_word' id='word_1_222' title='bbox 1418 2437 1486 2508; x_wconf 91' lang='lat' dir='ltr'><strong>iiijd</strong></span> 
     </span>
     <span class='ocr_line' id='line_1_25' title="bbox 402 2525 1486 2600; baseline -0.002 -18"><span class='ocrx_word' id='word_1_223' title='bbox 402 2527 532 2600; x_wconf 88' lang='lat' dir='ltr'><strong>ponenda</strong></span> <span class='ocrx_word' id='word_1_224' title='bbox 547 2528 578 2582; x_wconf 90' lang='lat' dir='ltr'><strong>in</strong></span> <span class='ocrx_word' id='word_1_225' title='bbox 594 2526 726 2582; x_wconf 90' lang='lat' dir='ltr'><strong>manibus</strong></span> <span class='ocrx_word' id='word_1_226' title='bbox 740 2531 954 2597; x_wconf 87' lang='lat' dir='ltr'><strong>procuratorum</strong></span> <span class='ocrx_word' id='word_1_227' title='bbox 965 2530 1033 2580; x_wconf 83' lang='lat' dir='ltr'><strong>ante</strong></span> <span class='ocrx_word' id='word_1_228' title='bbox 1044 2525 1105 2579; x_wconf 91' lang='lat' dir='ltr'><strong>eius</strong></span> <span class='ocrx_word' id='word_1_229' title='bbox 1116 2525 1316 2581; x_wconf 87' lang='lat' dir='ltr'><strong>admissionem</strong></span> <span class='ocrx_word' id='word_1_230' title='bbox 1328 2525 1449 2582; x_wconf 84' lang='lat' dir='ltr'><strong>sufficiat</strong></span> <span class='ocrx_word' id='word_1_231' title='bbox 1460 2527 1486 2581; x_wconf 90' lang='lat' dir='ltr'><strong>ei</strong></span> 
     </span>
     <span class='ocr_line' id='line_1_26' title="bbox 402 2613 1487 2684; baseline -0.004 -12"><span class='ocrx_word' id='word_1_232' title='bbox 402 2616 438 2672; x_wconf 82' lang='lat' dir='ltr'><strong>ad</strong></span> <span class='ocrx_word' id='word_1_233' title='bbox 455 2615 619 2671; x_wconf 86' lang='lat' dir='ltr'><strong>intrandum</strong></span> <span class='ocrx_word' id='word_1_234' title='bbox 633 2615 664 2669; x_wconf 88' lang='lat' dir='ltr'><strong>in</strong></span> <span class='ocrx_word' id='word_1_235' title='bbox 679 2613 776 2668; x_wconf 91' lang='lat' dir='ltr'><strong>eodem</strong></span> <span class='ocrx_word' id='word_1_236' title='bbox 788 2613 849 2671; x_wconf 84' lang='lat' dir='ltr'><strong>iure</strong></span> <span class='ocrx_word' id='word_1_237' title='bbox 860 2613 901 2668; x_wconf 88' lang='lat' dir='ltr'><strong>sic</strong></span> <span class='ocrx_word' id='word_1_238' title='bbox 914 2617 945 2667; x_wconf 88' lang='lat' dir='ltr'><strong>vt</strong></span> <span class='ocrx_word' id='word_1_239' title='bbox 957 2613 1122 2668; x_wconf 84' lang='lat' dir='ltr'><strong>convivetur</strong></span> <span class='ocrx_word' id='word_1_240' title='bbox 1133 2613 1163 2668; x_wconf 92' lang='lat' dir='ltr'><strong>in</strong></span> <span class='ocrx_word' id='word_1_241' title='bbox 1175 2615 1310 2684; x_wconf 85' lang='lat' dir='ltr'><strong>proximis</strong></span> <span class='ocrx_word' id='word_1_242' title='bbox 1322 2615 1444 2668; x_wconf 90' lang='lat' dir='ltr'><strong>comitiis</strong></span> <span class='ocrx_word' id='word_1_243' title='bbox 1457 2615 1487 2668; x_wconf 88' lang='lat' dir='ltr'><strong>in</strong></span> 
     </span>
     <span class='ocr_line' id='line_1_27' title="bbox 403 2699 1338 2774; baseline -0.002 -16"><span class='ocrx_word' id='word_1_244' title='bbox 403 2703 478 2758; x_wconf 85' lang='lat' dir='ltr'><strong>Aula</strong></span> <span class='ocrx_word' id='word_1_245' title='bbox 490 2702 571 2757; x_wconf 86' lang='lat' dir='ltr'><strong>Clare</strong></span> <span class='ocrx_word' id='word_1_246' title='bbox 608 2703 789 2757; x_wconf 84' lang='lat' dir='ltr'><strong>Presentatus</strong></span> <span class='ocrx_word' id='word_1_247' title='bbox 802 2699 848 2772; x_wconf 68' lang='lat' dir='ltr'><strong>ijd⁰</strong></span> <span class='ocrx_word' id='word_1_248' title='bbox 860 2700 878 2755; x_wconf 87' lang='lat' dir='ltr'>J</span> <span class='ocrx_word' id='word_1_249' title='bbox 880 2700 931 2755; x_wconf 90' lang='lat' dir='ltr'><strong>ulii</strong></span> <span class='ocrx_word' id='word_1_250' title='bbox 943 2701 1089 2771; x_wconf 80' lang='lat' dir='ltr'><strong>(forisfecit</strong></span> <span class='ocrx_word' id='word_1_251' title='bbox 1101 2705 1131 2755; x_wconf 92' lang='lat' dir='ltr'><strong>et</strong></span> <span class='ocrx_word' id='word_1_252' title='bbox 1142 2700 1228 2755; x_wconf 81' lang='lat' dir='ltr'><strong>solvit</strong></span> <span class='ocrx_word' id='word_1_253' title='bbox 1240 2702 1338 2774; x_wconf 64' lang='lat' dir='ltr'><strong>neam.)</strong></span> 
     </span>
    </p>

    <p class='ocr_par' dir='ltr' id='par_1_8' title="bbox 332 2787 1488 3299">
     <span class='ocr_line' id='line_1_28' title="bbox 332 2787 1486 2862; baseline -0.001 -17"><span class='ocrx_word' id='word_1_254' title='bbox 332 2789 502 2846; x_wconf 79' lang='lat' dir='ltr'><strong>Conceditur</strong></span> <span class='ocrx_word' id='word_1_255' title='bbox 522 2789 586 2862; x_wconf 62' lang='lat' dir='ltr'><strong>iiijw</strong></span> <span class='ocrx_word' id='word_1_256' title='bbox 604 2789 674 2845; x_wconf 87' lang='lat' dir='ltr'><strong>Julii</strong></span> <span class='ocrx_word' id='word_1_257' title='bbox 695 2790 764 2845; x_wconf 83' lang='lat' dir='ltr'><strong>Tho.</strong></span> <span class='ocrx_word' id='word_1_258' title='bbox 787 2789 928 2843; x_wconf 84' lang='lat' dir='ltr'><strong>Horsman</strong></span> <span class='ocrx_word' id='word_1_259' title='bbox 949 2788 1024 2843; x_wconf 87' lang='lat' dir='ltr'><strong>socio</strong></span> <span class='ocrx_word' id='word_1_260' title='bbox 1043 2787 1117 2844; x_wconf 80' lang='lat' dir='ltr'><strong>Aule</strong></span> <span class='ocrx_word' id='word_1_261' title='bbox 1138 2789 1287 2845; x_wconf 87' lang='lat' dir='ltr'><strong>Trinitatis</strong></span> <span class='ocrx_word' id='word_1_262' title='bbox 1306 2794 1339 2843; x_wconf 85' lang='lat' dir='ltr'><strong>vt</strong></span> <span class='ocrx_word' id='word_1_263' title='bbox 1359 2788 1486 2844; x_wconf 89' lang='lat' dir='ltr'><strong>studium</strong></span> 
     </span>
     <span class='ocr_line' id='line_1_29' title="bbox 402 2876 1487 2949; baseline -0.003 -14"><span class='ocrx_word' id='word_1_264' title='bbox 402 2878 430 2949; x_wconf 83' lang='lat' dir='ltr'><strong>vj</strong></span> <span class='ocrx_word' id='word_1_265' title='bbox 443 2895 582 2933; x_wconf 85' lang='lat' dir='ltr'><strong>annorum</strong></span> <span class='ocrx_word' id='word_1_266' title='bbox 596 2877 627 2932; x_wconf 92' lang='lat' dir='ltr'><strong>in</strong></span> <span class='ocrx_word' id='word_1_267' title='bbox 643 2877 703 2932; x_wconf 87' lang='lat' dir='ltr'><strong>iure</strong></span> <span class='ocrx_word' id='word_1_268' title='bbox 719 2877 795 2932; x_wconf 85' lang='lat' dir='ltr'><strong>civili</strong></span> <span class='ocrx_word' id='word_1_269' title='bbox 812 2893 877 2932; x_wconf 91' lang='lat' dir='ltr'><strong>cum</strong></span> <span class='ocrx_word' id='word_1_270' title='bbox 893 2876 1118 2947; x_wconf 89' lang='lat' dir='ltr'><strong>oppositionibus</strong></span> <span class='ocrx_word' id='word_1_271' title='bbox 1133 2876 1362 2949; x_wconf 87' lang='lat' dir='ltr'><strong>responsionibus</strong></span> <span class='ocrx_word' id='word_1_272' title='bbox 1377 2882 1407 2932; x_wconf 92' lang='lat' dir='ltr'><strong>et</strong></span> <span class='ocrx_word' id='word_1_273' title='bbox 1423 2877 1487 2933; x_wconf 92' lang='lat' dir='ltr'><strong>aliis</strong></span> 
     </span>
     <span class='ocr_line' id='line_1_30' title="bbox 402 2964 1486 3038; baseline 0 -18"><span class='ocrx_word' id='word_1_274' title='bbox 402 2967 542 3022; x_wconf 83' lang='lat' dir='ltr'><strong>exercitiis</strong></span> <span class='ocrx_word' id='word_1_275' title='bbox 558 2983 608 3038; x_wconf 84' lang='lat' dir='ltr'><strong>per</strong></span> <span class='ocrx_word' id='word_1_276' title='bbox 624 2965 713 3036; x_wconf 83' lang='lat' dir='ltr'><strong>Regia</strong></span> <span class='ocrx_word' id='word_1_277' title='bbox 723 2970 833 3020; x_wconf 86' lang='lat' dir='ltr'><strong>statuta</strong></span> <span class='ocrx_word' id='word_1_278' title='bbox 845 2965 990 3035; x_wconf 87' lang='lat' dir='ltr'><strong>requisitis</strong></span> <span class='ocrx_word' id='word_1_279' title='bbox 1001 2964 1177 3034; x_wconf 89' lang='lat' dir='ltr'><strong>perficiendis</strong></span> <span class='ocrx_word' id='word_1_280' title='bbox 1189 2969 1255 3019; x_wconf 90' lang='lat' dir='ltr'><strong>ante</strong></span> <span class='ocrx_word' id='word_1_281' title='bbox 1267 2964 1372 3020; x_wconf 82' lang='lat' dir='ltr'><strong>festum</strong></span> <span class='ocrx_word' id='word_1_282' title='bbox 1385 2965 1486 3020; x_wconf 80' lang='lat' dir='ltr'><strong>nativi·</strong></span> 
     </span>
     <span class='ocr_line' id='line_1_31' title="bbox 402 3050 1488 3126; baseline -0.004 -15"><span class='ocrx_word' id='word_1_283' title='bbox 402 3056 473 3110; x_wconf 87' lang='lat' dir='ltr'><strong>tatis</strong></span> <span class='ocrx_word' id='word_1_284' title='bbox 489 3055 603 3110; x_wconf 91' lang='lat' dir='ltr'><strong>Domini</strong></span> <span class='ocrx_word' id='word_1_285' title='bbox 619 3054 779 3126; x_wconf 86' lang='lat' dir='ltr'><strong>proximum</strong></span> <span class='ocrx_word' id='word_1_286' title='bbox 794 3051 849 3106; x_wconf 89' lang='lat' dir='ltr'><strong>sub</strong></span> <span class='ocrx_word' id='word_1_287' title='bbox 861 3068 933 3122; x_wconf 88' lang='lat' dir='ltr'><strong>pena</strong></span> <span class='ocrx_word' id='word_1_288' title='bbox 945 3050 989 3122; x_wconf 85' lang='lat' dir='ltr'><strong>vj¹¹</strong></span> <span class='ocrx_word' id='word_1_289' title='bbox 1002 3051 1073 3123; x_wconf 83' lang='lat' dir='ltr'><strong>xiijs</strong></span> <span class='ocrx_word' id='word_1_290' title='bbox 1089 3052 1157 3124; x_wconf 91' lang='lat' dir='ltr'><strong>iiijd</strong></span> <span class='ocrx_word' id='word_1_291' title='bbox 1173 3052 1302 3124; x_wconf 87' lang='lat' dir='ltr'><strong>ponenda</strong></span> <span class='ocrx_word' id='word_1_292' title='bbox 1313 3053 1343 3107; x_wconf 91' lang='lat' dir='ltr'><strong>in</strong></span> <span class='ocrx_word' id='word_1_293' title='bbox 1356 3052 1488 3108; x_wconf 87' lang='lat' dir='ltr'><strong>manibus</strong></span> 
     </span>
     <span class='ocr_line' id='line_1_32' title="bbox 401 3139 1487 3214; baseline -0.004 -16"><span class='ocrx_word' id='word_1_294' title='bbox 401 3147 614 3214; x_wconf 87' lang='lat' dir='ltr'><strong>procuratorum</strong></span> <span class='ocrx_word' id='word_1_295' title='bbox 635 3141 783 3197; x_wconf 79' lang='lat' dir='ltr'><strong>eutasius</strong></span> <span class='ocrx_word' id='word_1_296' title='bbox 803 3139 1002 3195; x_wconf 82' lang='lat' dir='ltr'><strong>admissionem</strong></span> <span class='ocrx_word' id='word_1_297' title='bbox 1023 3139 1145 3194; x_wconf 87' lang='lat' dir='ltr'><strong>sufficiat</strong></span> <span class='ocrx_word' id='word_1_298' title='bbox 1164 3141 1191 3194; x_wconf 91' lang='lat' dir='ltr'><strong>ei</strong></span> <span class='ocrx_word' id='word_1_299' title='bbox 1212 3141 1247 3196; x_wconf 89' lang='lat' dir='ltr'><strong>ad</strong></span> <span class='ocrx_word' id='word_1_300' title='bbox 1271 3140 1435 3196; x_wconf 85' lang='lat' dir='ltr'><strong>intrandum</strong></span> <span class='ocrx_word' id='word_1_301' title='bbox 1456 3141 1487 3194; x_wconf 93' lang='lat' dir='ltr'><strong>in</strong></span> 
     </span>
     <span class='ocr_line' id='line_1_33' title="bbox 401 3225 1487 3299; baseline -0.005 -13"><span class='ocrx_word' id='word_1_302' title='bbox 401 3229 499 3286; x_wconf 89' lang='lat' dir='ltr'><strong>eodem</strong></span> <span class='ocrx_word' id='word_1_303' title='bbox 517 3231 578 3286; x_wconf 90' lang='lat' dir='ltr'><strong>iure</strong></span> <span class='ocrx_word' id='word_1_304' title='bbox 615 3229 796 3284; x_wconf 86' lang='lat' dir='ltr'><strong>Presentatus</strong></span> <span class='ocrx_word' id='word_1_305' title='bbox 814 3245 865 3299; x_wconf 84' lang='lat' dir='ltr'><strong>per</strong></span> <span class='ocrx_word' id='word_1_306' title='bbox 883 3225 1024 3282; x_wconf 85' lang='lat' dir='ltr'><strong>doctorem</strong></span> <span class='ocrx_word' id='word_1_307' title='bbox 1038 3226 1136 3298; x_wconf 84' lang='lat' dir='ltr'><strong>Harvy</strong></span> <span class='ocrx_word' id='word_1_308' title='bbox 1149 3226 1246 3282; x_wconf 89' lang='lat' dir='ltr'><strong>eodem</strong></span> <span class='ocrx_word' id='word_1_309' title='bbox 1262 3229 1368 3295; x_wconf 88' lang='lat' dir='ltr'><strong>(omnia</strong></span> <span class='ocrx_word' id='word_1_310' title='bbox 1379 3229 1487 3298; x_wconf 86' lang='lat' dir='ltr'><strong>peregit</strong></span> 
     </span>
    </p>
   </div>
   <div class='ocr_carea' id='block_1_3' title="bbox 400 3321 500 3391">
    <p class='ocr_par' dir='ltr' id='par_1_9' title="bbox 400 3321 500 3391">
     <span class='ocr_line' id='line_1_34' title="bbox 400 3321 500 3391; baseline -0.03 0"><span class='ocrx_word' id='word_1_311' title='bbox 400 3321 500 3391; x_wconf 68' lang='lat' dir='ltr'><strong>morp.)</strong></span> 
     </span>
    </p>
   </div>
   <div class='ocr_carea' id='block_1_4' title="bbox 585 3583 1231 3688">
    <p class='ocr_par' dir='ltr' id='par_1_10' title="bbox 585 3583 1231 3688">
     <span class='ocr_line' id='line_1_35' title="bbox 585 3583 1231 3688; baseline -0.003 -20"><span class='ocrx_word' id='word_1_312' title='bbox 585 3603 707 3668; x_wconf 68' lang='lat' dir='ltr'><strong>nocer</strong></span> <span class='ocrx_word' id='word_1_313' title='bbox 729 3601 763 3668; x_wconf 74' lang='lat' dir='ltr'><strong>in</strong></span> <span class='ocrx_word' id='word_1_314' title='bbox 787 3583 948 3667; x_wconf 68' lang='lat' dir='ltr'><strong>medicina</strong></span> <span class='ocrx_word' id='word_1_315' title='bbox 969 3601 1012 3688; x_wconf 86' lang='lat' dir='ltr'><strong>vij</strong></span> <span class='ocrx_word' id='word_1_316' title='bbox 1037 3601 1121 3667; x_wconf 73' lang='lat' dir='ltr'><strong>oue</strong></span> <span class='ocrx_word' id='word_1_317' title='bbox 1147 3603 1231 3668; x_wconf 81' lang='lat'>1563</span> 
     </span>
    </p>
   </div>
   <div class='ocr_carea' id='block_1_5' title="bbox 330 3755 1487 4444">
    <p class='ocr_par' dir='ltr' id='par_1_11' title="bbox 330 3755 1487 4444">
     <span class='ocr_line' id='line_1_36' title="bbox 330 3755 1487 3830; baseline 0.001 -17"><span class='ocrx_word' id='word_1_318' title='bbox 330 3757 501 3814; x_wconf 85' lang='lat' dir='ltr'><strong>Conceditur</strong></span> <span class='ocrx_word' id='word_1_319' title='bbox 518 3759 653 3829; x_wconf 79' lang='lat' dir='ltr'><strong>magistro</strong></span> <span class='ocrx_word' id='word_1_320' title='bbox 673 3757 727 3813; x_wconf 86' lang='lat' dir='ltr'><strong>Lee</strong></span> <span class='ocrx_word' id='word_1_321' title='bbox 745 3758 791 3812; x_wconf 90' lang='lat' dir='ltr'><strong>cui</strong></span> <span class='ocrx_word' id='word_1_322' title='bbox 809 3757 999 3830; x_wconf 84' lang='lat' dir='ltr'><strong>superioribus</strong></span> <span class='ocrx_word' id='word_1_323' title='bbox 1016 3755 1115 3812; x_wconf 87' lang='lat' dir='ltr'><strong>diebus</strong></span> <span class='ocrx_word' id='word_1_324' title='bbox 1133 3775 1264 3812; x_wconf 78' lang='lat' dir='ltr'><strong>consessa</strong></span> <span class='ocrx_word' id='word_1_325' title='bbox 1281 3761 1325 3812; x_wconf 90' lang='lat' dir='ltr'><strong>est</strong></span> <span class='ocrx_word' id='word_1_326' title='bbox 1342 3757 1433 3828; x_wconf 78' lang='lat' dir='ltr'><strong>gratia</strong></span> <span class='ocrx_word' id='word_1_327' title='bbox 1449 3757 1487 3814; x_wconf 83' lang='lat' dir='ltr'><strong>ad</strong></span> 
     </span>
     <span class='ocr_line' id='line_1_37' title="bbox 400 3845 1487 3918; baseline 0 -18"><span class='ocrx_word' id='word_1_328' title='bbox 400 3847 592 3918; x_wconf 89' lang='lat' dir='ltr'><strong>incipiendum</strong></span> <span class='ocrx_word' id='word_1_329' title='bbox 608 3847 638 3901; x_wconf 92' lang='lat' dir='ltr'><strong>in</strong></span> <span class='ocrx_word' id='word_1_330' title='bbox 655 3846 795 3902; x_wconf 90' lang='lat' dir='ltr'><strong>medicina</strong></span> <span class='ocrx_word' id='word_1_331' title='bbox 810 3847 859 3902; x_wconf 91' lang='lat' dir='ltr'><strong>sed</strong></span> <span class='ocrx_word' id='word_1_332' title='bbox 875 3851 991 3918; x_wconf 87' lang='lat' dir='ltr'><strong>propter</strong></span> <span class='ocrx_word' id='word_1_333' title='bbox 1006 3845 1171 3916; x_wconf 78' lang='lat' dir='ltr'><strong>gravissima</strong></span> <span class='ocrx_word' id='word_1_334' title='bbox 1182 3847 1295 3915; x_wconf 79' lang='lat' dir='ltr'><strong>negocia</strong></span> <span class='ocrx_word' id='word_1_335' title='bbox 1307 3863 1363 3902; x_wconf 89' lang='lat' dir='ltr'><strong>uon</strong></span> <span class='ocrx_word' id='word_1_336' title='bbox 1376 3851 1487 3916; x_wconf 89' lang='lat' dir='ltr'><strong>poterat</strong></span> 
     </span>
     <span class='ocr_line' id='line_1_38' title="bbox 401 3933 1485 4005; baseline -0.001 -17"><span class='ocrx_word' id='word_1_337' title='bbox 401 3933 498 3988; x_wconf 87' lang='lat' dir='ltr'><strong>adesse</strong></span> <span class='ocrx_word' id='word_1_338' title='bbox 519 3935 548 3988; x_wconf 91' lang='lat' dir='ltr'><strong>in</strong></span> <span class='ocrx_word' id='word_1_339' title='bbox 570 3935 693 3990; x_wconf 84' lang='lat' dir='ltr'><strong>comitiis</strong></span> <span class='ocrx_word' id='word_1_340' title='bbox 711 3939 743 3989; x_wconf 85' lang='lat' dir='ltr'><strong>vt</strong></span> <span class='ocrx_word' id='word_1_341' title='bbox 761 3933 889 3990; x_wconf 90' lang='lat' dir='ltr'><strong>studium</strong></span> <span class='ocrx_word' id='word_1_342' title='bbox 907 3934 944 4005; x_wconf 89' lang='lat' dir='ltr'><strong>vij</strong></span> <span class='ocrx_word' id='word_1_343' title='bbox 965 3950 1102 3988; x_wconf 83' lang='lat' dir='ltr'><strong>annorum</strong></span> <span class='ocrx_word' id='word_1_344' title='bbox 1124 3933 1154 3987; x_wconf 93' lang='lat' dir='ltr'><strong>in</strong></span> <span class='ocrx_word' id='word_1_345' title='bbox 1176 3933 1315 3988; x_wconf 88' lang='lat' dir='ltr'><strong>medicina</strong></span> <span class='ocrx_word' id='word_1_346' title='bbox 1335 3937 1485 4004; x_wconf 84' lang='lat' dir='ltr'><strong>postquam</strong></span> 
     </span>
     <span class='ocr_line' id='line_1_39' title="bbox 401 4019 1486 4096; baseline 0.001 -22"><span class='ocrx_word' id='word_1_347' title='bbox 401 4021 504 4075; x_wconf 83' lang='lat' dir='ltr'><strong>rexerit</strong></span> <span class='ocrx_word' id='word_1_348' title='bbox 525 4022 554 4075; x_wconf 93' lang='lat' dir='ltr'><strong>in</strong></span> <span class='ocrx_word' id='word_1_349' title='bbox 575 4019 685 4076; x_wconf 86' lang='lat' dir='ltr'><strong>artibus</strong></span> <span class='ocrx_word' id='word_1_350' title='bbox 703 4038 769 4075; x_wconf 91' lang='lat' dir='ltr'><strong>cum</strong></span> <span class='ocrx_word' id='word_1_351' title='bbox 789 4019 1014 4093; x_wconf 88' lang='lat' dir='ltr'><strong>oppositionibus</strong></span> <span class='ocrx_word' id='word_1_352' title='bbox 1034 4019 1262 4096; x_wconf 80' lang='lat' dir='ltr'><strong>responsionibus</strong></span> <span class='ocrx_word' id='word_1_353' title='bbox 1280 4025 1310 4076; x_wconf 87' lang='lat' dir='ltr'><strong>et</strong></span> <span class='ocrx_word' id='word_1_354' title='bbox 1329 4021 1392 4076; x_wconf 85' lang='lat' dir='ltr'><strong>aliis</strong></span> <span class='ocrx_word' id='word_1_355' title='bbox 1410 4037 1486 4076; x_wconf 81' lang='lat' dir='ltr'><strong>exer-</strong></span> 
     </span>
     <span class='ocr_line' id='line_1_40' title="bbox 400 4108 1487 4181; baseline 0.001 -18"><span class='ocrx_word' id='word_1_356' title='bbox 400 4110 476 4164; x_wconf 90' lang='lat' dir='ltr'><strong>citiis</strong></span> <span class='ocrx_word' id='word_1_357' title='bbox 490 4127 540 4181; x_wconf 83' lang='lat' dir='ltr'><strong>per</strong></span> <span class='ocrx_word' id='word_1_358' title='bbox 555 4110 642 4180; x_wconf 80' lang='lat' dir='ltr'><strong>Regia</strong></span> <span class='ocrx_word' id='word_1_359' title='bbox 657 4113 767 4165; x_wconf 86' lang='lat' dir='ltr'><strong>statuta</strong></span> <span class='ocrx_word' id='word_1_360' title='bbox 783 4110 927 4181; x_wconf 88' lang='lat' dir='ltr'><strong>requisitis</strong></span> <span class='ocrx_word' id='word_1_361' title='bbox 939 4109 1114 4181; x_wconf 81' lang='lat' dir='ltr'><strong>perficiendis</strong></span> <span class='ocrx_word' id='word_1_362' title='bbox 1126 4115 1193 4164; x_wconf 88' lang='lat' dir='ltr'><strong>ante</strong></span> <span class='ocrx_word' id='word_1_363' title='bbox 1205 4108 1310 4163; x_wconf 81' lang='lat' dir='ltr'><strong>festum</strong></span> <span class='ocrx_word' id='word_1_364' title='bbox 1324 4108 1487 4164; x_wconf 89' lang='lat' dir='ltr'><strong>natiuitatis</strong></span> 
     </span>
     <span class='ocr_line' id='line_1_41' title="bbox 401 4195 1485 4268; baseline 0.002 -18"><span class='ocrx_word' id='word_1_365' title='bbox 401 4196 515 4251; x_wconf 90' lang='lat' dir='ltr'><strong>Domini</strong></span> <span class='ocrx_word' id='word_1_366' title='bbox 536 4199 695 4268; x_wconf 86' lang='lat' dir='ltr'><strong>proximum</strong></span> <span class='ocrx_word' id='word_1_367' title='bbox 716 4195 770 4251; x_wconf 91' lang='lat' dir='ltr'><strong>sub</strong></span> <span class='ocrx_word' id='word_1_368' title='bbox 791 4213 864 4267; x_wconf 86' lang='lat' dir='ltr'><strong>pena</strong></span> <span class='ocrx_word' id='word_1_369' title='bbox 882 4205 907 4251; x_wconf 83' lang='lat' dir='ltr'><strong>c·</strong></span> <span class='ocrx_word' id='word_1_370' title='bbox 926 4195 1054 4267; x_wconf 84' lang='lat' dir='ltr'><strong>ponenda</strong></span> <span class='ocrx_word' id='word_1_371' title='bbox 1074 4197 1104 4250; x_wconf 92' lang='lat' dir='ltr'><strong>in</strong></span> <span class='ocrx_word' id='word_1_372' title='bbox 1123 4195 1254 4250; x_wconf 87' lang='lat' dir='ltr'><strong>manibus</strong></span> <span class='ocrx_word' id='word_1_373' title='bbox 1272 4200 1485 4267; x_wconf 85' lang='lat' dir='ltr'><strong>procuratorum</strong></span> 
     </span>
     <span class='ocr_line' id='line_1_42' title="bbox 400 4283 1487 4355; baseline 0.002 -17"><span class='ocrx_word' id='word_1_374' title='bbox 400 4288 467 4338; x_wconf 84' lang='lat' dir='ltr'><strong>ante</strong></span> <span class='ocrx_word' id='word_1_375' title='bbox 482 4285 544 4338; x_wconf 90' lang='lat' dir='ltr'><strong>eius</strong></span> <span class='ocrx_word' id='word_1_376' title='bbox 559 4284 759 4339; x_wconf 88' lang='lat' dir='ltr'><strong>admissionem</strong></span> <span class='ocrx_word' id='word_1_377' title='bbox 775 4284 896 4340; x_wconf 88' lang='lat' dir='ltr'><strong>sufficiat</strong></span> <span class='ocrx_word' id='word_1_378' title='bbox 910 4284 935 4338; x_wconf 90' lang='lat' dir='ltr'><strong>ei</strong></span> <span class='ocrx_word' id='word_1_379' title='bbox 951 4284 987 4338; x_wconf 85' lang='lat' dir='ltr'><strong>ad</strong></span> <span class='ocrx_word' id='word_1_380' title='bbox 1003 4283 1195 4355; x_wconf 87' lang='lat' dir='ltr'><strong>incipiendum</strong></span> <span class='ocrx_word' id='word_1_381' title='bbox 1207 4284 1237 4338; x_wconf 91' lang='lat' dir='ltr'><strong>in</strong></span> <span class='ocrx_word' id='word_1_382' title='bbox 1250 4284 1388 4340; x_wconf 88' lang='lat' dir='ltr'><strong>medicina</strong></span> <span class='ocrx_word' id='word_1_383' title='bbox 1400 4283 1441 4338; x_wconf 83' lang='lat' dir='ltr'><strong>ita</strong></span> <span class='ocrx_word' id='word_1_384' title='bbox 1453 4289 1487 4340; x_wconf 83' lang='lat' dir='ltr'><strong>vt</strong></span> 
     </span>
     <span class='ocr_line' id='line_1_43' title="bbox 400 4371 1486 4444; baseline 0.004 -20"><span class='ocrx_word' id='word_1_385' title='bbox 400 4372 461 4425; x_wconf 89' lang='lat' dir='ltr'><strong>eius</strong></span> <span class='ocrx_word' id='word_1_386' title='bbox 476 4371 611 4426; x_wconf 81' lang='lat' dir='ltr'><strong>admissio</strong></span> <span class='ocrx_word' id='word_1_387' title='bbox 626 4378 684 4429; x_wconf 88' lang='lat' dir='ltr'><strong>stet</strong></span> <span class='ocrx_word' id='word_1_388' title='bbox 699 4391 750 4444; x_wconf 89' lang='lat' dir='ltr'><strong>pro</strong></span> <span class='ocrx_word' id='word_1_389' title='bbox 766 4372 914 4444; x_wconf 89' lang='lat' dir='ltr'><strong>completis</strong></span> <span class='ocrx_word' id='word_1_390' title='bbox 929 4372 1018 4443; x_wconf 84' lang='lat' dir='ltr'><strong>gradu</strong></span> <span class='ocrx_word' id='word_1_391' title='bbox 1034 4377 1064 4427; x_wconf 90' lang='lat' dir='ltr'><strong>et</strong></span> <span class='ocrx_word' id='word_1_392' title='bbox 1079 4373 1170 4428; x_wconf 84' lang='lat' dir='ltr'><strong>forma</strong></span> <span class='ocrx_word' id='word_1_393' title='bbox 1184 4373 1214 4427; x_wconf 92' lang='lat' dir='ltr'><strong>in</strong></span> <span class='ocrx_word' id='word_1_394' title='bbox 1228 4372 1325 4428; x_wconf 90' lang='lat' dir='ltr'><strong>eodem</strong></span> <span class='ocrx_word' id='word_1_395' title='bbox 1337 4373 1378 4428; x_wconf 89' lang='lat' dir='ltr'><strong>sic</strong></span> <span class='ocrx_word' id='word_1_396' title='bbox 1389 4375 1486 4428; x_wconf 82' lang='lat' dir='ltr'><strong>tamen</strong></span> 
     </span>
    </p>
   </div>
   <div class='ocr_carea' id='block_1_6' title="bbox 0 0 1692 5108">
    <p class='ocr_par' dir='ltr' id='par_1_12' title="bbox 0 0 1692 5108">
     <span class='ocr_line' id='line_1_44' title="bbox 0 0 1692 5108; baseline 0 1"><span class='ocrx_word' id='word_1_397' title='bbox 0 0 1692 5108; x_wconf 95' lang='lat' dir='ltr'><strong> </strong></span> 
     </span>
    </p>
   </div>
  </div>
 </body>
</html>
