<?xml version="1.0" encoding="UTF-8"?>
<!DOCTYPE html PUBLIC "-//W3C//DTD XHTML 1.0 Transitional//EN"
    "http://www.w3.org/TR/xhtml1/DTD/xhtml1-transitional.dtd">
<html xmlns="http://www.w3.org/1999/xhtml" xml:lang="en" lang="en">
 <head>
  <title>
</title>
<meta http-equiv="Content-Type" content="text/html;charset=utf-8" />
  <meta name='ocr-system' content='tesseract 3.04.00' />
  <meta name='ocr-capabilities' content='ocr_page ocr_carea ocr_par ocr_line ocrx_word'/>
</head>
<body>
  <div class='ocr_page' id='page_1' title='image "./gracebookgreekl00venngoog_0320.png"; bbox 0 0 3408 5116; ppageno 0'>
   <div class='ocr_carea' id='block_1_1' title="bbox 193 364 1349 451">
    <p class='ocr_par' dir='ltr' id='par_1_1' title="bbox 193 364 1349 451">
     <span class='ocr_line' id='line_1_1' title="bbox 193 364 1349 451; baseline 0.002 -23"><span class='ocrx_word' id='word_1_1' title='bbox 193 364 355 451; x_wconf 82' lang='lat'>1575-76]</span> <span class='ocrx_word' id='word_1_2' title='bbox 627 381 742 428; x_wconf 68' lang='lat' dir='ltr'>oseca</span> <span class='ocrx_word' id='word_1_3' title='bbox 766 380 857 428; x_wconf 76' lang='lat' dir='ltr'>noos</span> <span class='ocrx_word' id='word_1_4' title='bbox 880 382 903 428; x_wconf 82' lang='lat' dir='ltr'>a</span> <span class='ocrx_word' id='word_1_5' title='bbox 1288 365 1349 431; x_wconf 83' lang='grc'>287</span> 
     </span>
    </p>
   </div>
   <div class='ocr_carea' id='block_1_2' title="bbox 193 537 1355 699">
    <p class='ocr_par' dir='ltr' id='par_1_2' title="bbox 193 537 1355 699">
     <span class='ocr_line' id='line_1_2' title="bbox 193 537 1354 612; baseline 0.003 -19"><span class='ocrx_word' id='word_1_6' title='bbox 193 538 261 594; x_wconf 89' lang='lat' dir='ltr'>Coll.</span> <span class='ocrx_word' id='word_1_7' title='bbox 283 540 352 595; x_wconf 88' lang='lat' dir='ltr'>Jesu</span> <span class='ocrx_word' id='word_1_8' title='bbox 375 544 409 595; x_wconf 88' lang='grc'>13</span> <span class='ocrx_word' id='word_1_9' title='bbox 456 540 499 594; x_wconf 85' lang='lat' dir='ltr'>Ex</span> <span class='ocrx_word' id='word_1_10' title='bbox 523 539 637 608; x_wconf 84' lang='lat' dir='ltr'>collegio</span> <span class='ocrx_word' id='word_1_11' title='bbox 658 539 727 593; x_wconf 83' lang='lat' dir='ltr'>Jesu</span> <span class='ocrx_word' id='word_1_12' title='bbox 752 537 875 592; x_wconf 85' lang='lat' dir='ltr'>Roborto</span> <span class='ocrx_word' id='word_1_13' title='bbox 898 538 998 594; x_wconf 87' lang='lat' dir='ltr'>Pechie</span> <span class='ocrx_word' id='word_1_14' title='bbox 1020 539 1159 594; x_wconf 85' lang='lat' dir='ltr'>Wiilelrno</span> <span class='ocrx_word' id='word_1_15' title='bbox 1183 540 1284 612; x_wconf 84' lang='lat' dir='ltr'>Smyth</span> <span class='ocrx_word' id='word_1_16' title='bbox 1306 540 1354 596; x_wconf 84' lang='lat' dir='ltr'>W⁰</span> 
     </span>
     <span class='ocr_line' id='line_1_3' title="bbox 264 625 1355 699; baseline 0 -16"><span class='ocrx_word' id='word_1_17' title='bbox 264 627 387 699; x_wconf 82' lang='lat' dir='ltr'>Manbye</span> <span class='ocrx_word' id='word_1_18' title='bbox 408 628 455 682; x_wconf 89' lang='lat' dir='ltr'>W⁰</span> <span class='ocrx_word' id='word_1_19' title='bbox 476 626 629 682; x_wconf 82' lang='lat' dir='ltr'>Barnewell</span> <span class='ocrx_word' id='word_1_20' title='bbox 654 625 734 680; x_wconf 85' lang='lat' dir='ltr'>Geor.</span> <span class='ocrx_word' id='word_1_21' title='bbox 757 625 894 697; x_wconf 85' lang='lat' dir='ltr'>Cloptono</span> <span class='ocrx_word' id='word_1_22' title='bbox 918 627 966 681; x_wconf 87' lang='lat' dir='ltr'>W⁰</span> <span class='ocrx_word' id='word_1_23' title='bbox 986 627 1135 698; x_wconf 82' lang='lat' dir='ltr'>Thurgood</span> <span class='ocrx_word' id='word_1_24' title='bbox 1157 629 1226 684; x_wconf 86' lang='lat' dir='ltr'>Tho.</span> <span class='ocrx_word' id='word_1_25' title='bbox 1250 629 1355 684; x_wconf 78' lang='lat' dir='ltr'>Hirche</span> 
     </span>
    </p>
   </div>
   <div class='ocr_carea' id='block_1_3' title="bbox 263 714 1441 796">
    <p class='ocr_par' dir='ltr' id='par_1_3' title="bbox 263 714 1441 796">
     <span class='ocr_line' id='line_1_4' title="bbox 263 714 1441 796; baseline -0.001 -24"><span class='ocrx_word' id='word_1_26' title='bbox 263 717 332 772; x_wconf 79' lang='lat' dir='ltr'>Tho.</span> <span class='ocrx_word' id='word_1_27' title='bbox 353 717 474 772; x_wconf 86' lang='lat' dir='ltr'>Frsnoes</span> <span class='ocrx_word' id='word_1_28' title='bbox 494 715 604 796; x_wconf 76' lang='lat' dir='ltr'>Denieii</span> <span class='ocrx_word' id='word_1_29' title='bbox 625 715 716 768; x_wconf 85' lang='lat' dir='ltr'>Reeve</span> <span class='ocrx_word' id='word_1_30' title='bbox 737 714 860 768; x_wconf 85' lang='lat' dir='ltr'>Hsnrioo</span> <span class='ocrx_word' id='word_1_31' title='bbox 880 715 981 786; x_wconf 80' lang='lat' dir='ltr'>Lossey</span> <span class='ocrx_word' id='word_1_32' title='bbox 1000 714 1044 770; x_wconf 87' lang='lat' dir='ltr'>Jo.</span> <span class='ocrx_word' id='word_1_33' title='bbox 1065 715 1167 787; x_wconf 83' lang='lat' dir='ltr'>Smyth</span> <span class='ocrx_word' id='word_1_34' title='bbox 1189 716 1233 771; x_wconf 83' lang='lat' dir='ltr'>Jo.</span> <span class='ocrx_word' id='word_1_35' title='bbox 1256 716 1354 771; x_wconf 83' lang='lat' dir='ltr'>Dodde</span> <span class='ocrx_word' id='word_1_36' title='bbox 1439 789 1441 794; x_wconf 28' lang='grc' dir='ltr'>Ι</span> 
     </span>
    </p>
   </div>
   <div class='ocr_carea' id='block_1_4' title="bbox 192 804 1356 3881">
    <p class='ocr_par' dir='ltr' id='par_1_4' title="bbox 263 804 457 860">
     <span class='ocr_line' id='line_1_5' title="bbox 263 804 457 860; baseline 0.005 -1"><span class='ocrx_word' id='word_1_37' title='bbox 263 805 332 860; x_wconf 84' lang='lat' dir='ltr'>Tho.</span> <span class='ocrx_word' id='word_1_38' title='bbox 353 804 457 860; x_wconf 86' lang='lat' dir='ltr'>Eidred</span> 
     </span>
    </p>

    <p class='ocr_par' dir='ltr' id='par_1_5' title="bbox 192 890 1353 1137">
     <span class='ocr_line' id='line_1_6' title="bbox 192 890 1350 964; baseline 0 -16"><span class='ocrx_word' id='word_1_39' title='bbox 192 893 260 948; x_wconf 90' lang='lat' dir='ltr'>Coll.</span> <span class='ocrx_word' id='word_1_40' title='bbox 283 892 342 948; x_wconf 86' lang='lat' dir='ltr'>divi</span> <span class='ocrx_word' id='word_1_41' title='bbox 365 894 464 948; x_wconf 71' lang='lat' dir='ltr'>Peos</span> <span class='ocrx_word' id='word_1_42' title='bbox 512 893 554 947; x_wconf 82' lang='lat' dir='ltr'>Ex</span> <span class='ocrx_word' id='word_1_43' title='bbox 578 891 662 946; x_wconf 92' lang='lat' dir='ltr'>domo</span> <span class='ocrx_word' id='word_1_44' title='bbox 682 890 741 945; x_wconf 84' lang='lat' dir='ltr'>divi</span> <span class='ocrx_word' id='word_1_45' title='bbox 765 890 839 944; x_wconf 84' lang='lat' dir='ltr'>Petri</span> <span class='ocrx_word' id='word_1_46' title='bbox 861 890 933 961; x_wconf 83' lang='lat' dir='ltr'>Aug.</span> <span class='ocrx_word' id='word_1_47' title='bbox 957 892 1037 961; x_wconf 88' lang='lat' dir='ltr'>Pigot</span> <span class='ocrx_word' id='word_1_48' title='bbox 1058 891 1102 946; x_wconf 88' lang='lat' dir='ltr'>Jo.</span> <span class='ocrx_word' id='word_1_49' title='bbox 1124 891 1253 947; x_wconf 78' lang='lat' dir='ltr'>Johnson</span> <span class='ocrx_word' id='word_1_50' title='bbox 1275 894 1350 964; x_wconf 88' lang='lat' dir='ltr'>Step.</span> 
     </span>
     <span class='ocr_line' id='line_1_7' title="bbox 264 976 1353 1050; baseline -0.001 -14"><span class='ocrx_word' id='word_1_51' title='bbox 264 981 388 1050; x_wconf 83' lang='lat' dir='ltr'>Egertou</span> <span class='ocrx_word' id='word_1_52' title='bbox 411 980 469 1035; x_wconf 89' lang='lat' dir='ltr'>Pet.</span> <span class='ocrx_word' id='word_1_53' title='bbox 490 977 618 1034; x_wconf 86' lang='lat' dir='ltr'>Cutbard</span> <span class='ocrx_word' id='word_1_54' title='bbox 640 978 719 1032; x_wconf 82' lang='lat' dir='ltr'>Geor.</span> <span class='ocrx_word' id='word_1_55' title='bbox 742 976 897 1048; x_wconf 84' lang='lat' dir='ltr'>Messinger</span> <span class='ocrx_word' id='word_1_56' title='bbox 916 978 964 1032; x_wconf 85' lang='lat' dir='ltr'>W⁰</span> <span class='ocrx_word' id='word_1_57' title='bbox 986 978 1098 1049; x_wconf 84' lang='lat' dir='ltr'>Lynsell</span> <span class='ocrx_word' id='word_1_58' title='bbox 1119 978 1188 1033; x_wconf 78' lang='lat' dir='ltr'>Tho.</span> <span class='ocrx_word' id='word_1_59' title='bbox 1209 979 1353 1035; x_wconf 84' lang='lat' dir='ltr'>Wisaman</span> 
     </span>
     <span class='ocr_line' id='line_1_8' title="bbox 264 1066 697 1137; baseline -0.012 -14"><span class='ocrx_word' id='word_1_60' title='bbox 264 1068 312 1123; x_wconf 88' lang='lat' dir='ltr'>W⁰</span> <span class='ocrx_word' id='word_1_61' title='bbox 324 1068 467 1123; x_wconf 85' lang='lat' dir='ltr'>Wisemen</span> <span class='ocrx_word' id='word_1_62' title='bbox 486 1067 554 1122; x_wconf 81' lang='lat' dir='ltr'>Tho.</span> <span class='ocrx_word' id='word_1_63' title='bbox 576 1066 697 1137; x_wconf 81' lang='lat' dir='ltr'>Hugyen</span> 
     </span>
    </p>

    <p class='ocr_par' dir='ltr' id='par_1_6' title="bbox 194 1152 1354 1477">
     <span class='ocr_line' id='line_1_9' title="bbox 194 1152 1354 1227; baseline -0.001 -16"><span class='ocrx_word' id='word_1_64' title='bbox 194 1157 261 1212; x_wconf 88' lang='lat' dir='ltr'>Coll.</span> <span class='ocrx_word' id='word_1_65' title='bbox 273 1156 354 1227; x_wconf 86' lang='lat' dir='ltr'>Corp.</span> <span class='ocrx_word' id='word_1_66' title='bbox 365 1156 472 1211; x_wconf 78' lang='lat' dir='ltr'><strong>Christi</strong></span> <span class='ocrx_word' id='word_1_67' title='bbox 486 1160 520 1210; x_wconf 88' lang='grc'>13</span> <span class='ocrx_word' id='word_1_68' title='bbox 556 1155 597 1209; x_wconf 81' lang='lat' dir='ltr'>Er</span> <span class='ocrx_word' id='word_1_69' title='bbox 610 1154 725 1223; x_wconf 81' lang='lat' dir='ltr'>collegio</span> <span class='ocrx_word' id='word_1_70' title='bbox 734 1152 864 1224; x_wconf 78' lang='lat' dir='ltr'>Corporis</span> <span class='ocrx_word' id='word_1_71' title='bbox 874 1153 980 1207; x_wconf 77' lang='lat' dir='ltr'>Christi</span> <span class='ocrx_word' id='word_1_72' title='bbox 993 1154 1063 1212; x_wconf 84' lang='lat' dir='ltr'>Tho.</span> <span class='ocrx_word' id='word_1_73' title='bbox 1075 1154 1192 1209; x_wconf 89' lang='lat' dir='ltr'>Plumbe</span> <span class='ocrx_word' id='word_1_74' title='bbox 1201 1156 1249 1210; x_wconf 83' lang='lat' dir='ltr'>W⁰</span> <span class='ocrx_word' id='word_1_75' title='bbox 1259 1155 1354 1210; x_wconf 84' lang='lat' dir='ltr'>Olivsr</span> 
     </span>
     <span class='ocr_line' id='line_1_10' title="bbox 265 1241 1353 1314; baseline 0.002 -16"><span class='ocrx_word' id='word_1_76' title='bbox 265 1244 387 1299; x_wconf 87' lang='lat' dir='ltr'>Honrioo</span> <span class='ocrx_word' id='word_1_77' title='bbox 404 1243 476 1298; x_wconf 85' lang='lat' dir='ltr'>Gold</span> <span class='ocrx_word' id='word_1_78' title='bbox 493 1244 596 1298; x_wconf 84' lang='lat' dir='ltr'>Briauo</span> <span class='ocrx_word' id='word_1_79' title='bbox 614 1243 706 1296; x_wconf 85' lang='lat' dir='ltr'>Extou</span> <span class='ocrx_word' id='word_1_80' title='bbox 723 1241 860 1296; x_wconf 85' lang='lat' dir='ltr'>Nicholao</span> <span class='ocrx_word' id='word_1_81' title='bbox 878 1242 986 1296; x_wconf 85' lang='lat' dir='ltr'>Faunte</span> <span class='ocrx_word' id='word_1_82' title='bbox 1005 1242 1050 1297; x_wconf 89' lang='lat' dir='ltr'>W⁰</span> <span class='ocrx_word' id='word_1_83' title='bbox 1064 1243 1187 1314; x_wconf 85' lang='lat' dir='ltr'>Norgate</span> <span class='ocrx_word' id='word_1_84' title='bbox 1202 1245 1220 1299; x_wconf 82' lang='lat' dir='ltr'>J</span> <span class='ocrx_word' id='word_1_85' title='bbox 1223 1263 1247 1299; x_wconf 90' lang='grc' dir='ltr'>ο,</span> <span class='ocrx_word' id='word_1_86' title='bbox 1263 1245 1353 1300; x_wconf 88' lang='lat' dir='ltr'>Green</span> 
     </span>
     <span class='ocr_line' id='line_1_11' title="bbox 266 1330 1352 1404; baseline 0 -16"><span class='ocrx_word' id='word_1_87' title='bbox 266 1333 313 1388; x_wconf 86' lang='lat' dir='ltr'>W⁰</span> <span class='ocrx_word' id='word_1_88' title='bbox 334 1333 426 1387; x_wconf 83' lang='lat' dir='ltr'>Reade</span> <span class='ocrx_word' id='word_1_89' title='bbox 446 1333 518 1387; x_wconf 85' lang='lat' dir='ltr'>Heu.</span> <span class='ocrx_word' id='word_1_90' title='bbox 540 1331 677 1401; x_wconf 83' lang='lat' dir='ltr'>Goldinge</span> <span class='ocrx_word' id='word_1_91' title='bbox 698 1330 808 1384; x_wconf 76' lang='lat' dir='ltr'>Danieli</span> <span class='ocrx_word' id='word_1_92' title='bbox 828 1330 968 1402; x_wconf 82' lang='lat' dir='ltr'>Codsraye</span> <span class='ocrx_word' id='word_1_93' title='bbox 987 1331 1056 1386; x_wconf 79' lang='lat' dir='ltr'>Tho.</span> <span class='ocrx_word' id='word_1_94' title='bbox 1079 1333 1264 1404; x_wconf 77' lang='lat' dir='ltr'>Leveringtou</span> <span class='ocrx_word' id='word_1_95' title='bbox 1284 1333 1352 1388; x_wconf 84' lang='lat' dir='ltr'>Tho.</span> 
     </span>
     <span class='ocr_line' id='line_1_12' title="bbox 266 1421 564 1477; baseline -0.007 -1"><span class='ocrx_word' id='word_1_96' title='bbox 266 1421 370 1477; x_wconf 86' lang='lat' dir='ltr'>Corbet</span> <span class='ocrx_word' id='word_1_97' title='bbox 387 1421 430 1476; x_wconf 86' lang='lat' dir='ltr'>Jo.</span> <span class='ocrx_word' id='word_1_98' title='bbox 452 1421 564 1475; x_wconf 77' lang='lat' dir='ltr'>Machet</span> 
     </span>
    </p>

    <p class='ocr_par' dir='ltr' id='par_1_7' title="bbox 195 1508 1355 1670">
     <span class='ocr_line' id='line_1_13' title="bbox 195 1508 1355 1566; baseline -0.002 0"><span class='ocrx_word' id='word_1_99' title='bbox 195 1512 260 1566; x_wconf 84' lang='lat' dir='ltr'>Aul.</span> <span class='ocrx_word' id='word_1_100' title='bbox 281 1510 374 1566; x_wconf 88' lang='lat' dir='ltr'>Pemb.</span> <span class='ocrx_word' id='word_1_101' title='bbox 394 1515 411 1565; x_wconf 91' lang='grc'>6</span> <span class='ocrx_word' id='word_1_102' title='bbox 457 1512 499 1564; x_wconf 85' lang='lat' dir='ltr'>Ex</span> <span class='ocrx_word' id='word_1_103' title='bbox 518 1510 583 1565; x_wconf 84' lang='lat' dir='ltr'>aula</span> <span class='ocrx_word' id='word_1_104' title='bbox 604 1508 711 1564; x_wconf 87' lang='lat' dir='ltr'>Pembr.</span> <span class='ocrx_word' id='word_1_105' title='bbox 731 1509 800 1564; x_wconf 81' lang='lat' dir='ltr'>Tho.</span> <span class='ocrx_word' id='word_1_106' title='bbox 820 1508 958 1563; x_wconf 88' lang='lat' dir='ltr'>Wenham</span> <span class='ocrx_word' id='word_1_107' title='bbox 977 1508 1021 1563; x_wconf 79' lang='grc' dir='ltr'>ιῘο.</span> <span class='ocrx_word' id='word_1_108' title='bbox 1041 1508 1209 1564; x_wconf 86' lang='lat' dir='ltr'>Alderstone</span> <span class='ocrx_word' id='word_1_109' title='bbox 1227 1510 1355 1566; x_wconf 80' lang='lat' dir='ltr'>Osrvoldo</span> 
     </span>
     <span class='ocr_line' id='line_1_14' title="bbox 266 1597 926 1670; baseline -0.006 -16"><span class='ocrx_word' id='word_1_110' title='bbox 266 1599 372 1670; x_wconf 81' lang='lat' dir='ltr'>Speede</span> <span class='ocrx_word' id='word_1_111' title='bbox 385 1599 432 1654; x_wconf 87' lang='lat' dir='ltr'>W⁰</span> <span class='ocrx_word' id='word_1_112' title='bbox 445 1598 555 1652; x_wconf 84' lang='lat' dir='ltr'>Daniel]</span> <span class='ocrx_word' id='word_1_113' title='bbox 568 1597 615 1651; x_wconf 89' lang='lat' dir='ltr'>W⁰</span> <span class='ocrx_word' id='word_1_114' title='bbox 628 1597 712 1651; x_wconf 87' lang='lat' dir='ltr'>Cerre</span> <span class='ocrx_word' id='word_1_115' title='bbox 728 1597 805 1651; x_wconf 79' lang='lat' dir='ltr'>Edu.</span> <span class='ocrx_word' id='word_1_116' title='bbox 819 1597 926 1667; x_wconf 86' lang='lat' dir='ltr'>Slynne</span> 
     </span>
    </p>

    <p class='ocr_par' dir='ltr' id='par_1_8' title="bbox 196 1685 1355 1936">
     <span class='ocr_line' id='line_1_15' title="bbox 196 1685 1355 1759; baseline -0.001 -16"><span class='ocrx_word' id='word_1_117' title='bbox 196 1688 265 1745; x_wconf 90' lang='lat' dir='ltr'>Coll.</span> <span class='ocrx_word' id='word_1_118' title='bbox 273 1688 305 1742; x_wconf 84' lang='lat' dir='ltr'>C.</span> <span class='ocrx_word' id='word_1_119' title='bbox 316 1691 346 1741; x_wconf 86' lang='lat' dir='ltr'>et</span> <span class='ocrx_word' id='word_1_120' title='bbox 356 1686 385 1741; x_wconf 93' lang='lat' dir='ltr'>C.</span> <span class='ocrx_word' id='word_1_121' title='bbox 396 1691 413 1742; x_wconf 83' lang='lat'>9</span> <span class='ocrx_word' id='word_1_122' title='bbox 444 1687 485 1740; x_wconf 82' lang='lat' dir='ltr'>Ex</span> <span class='ocrx_word' id='word_1_123' title='bbox 495 1687 556 1740; x_wconf 89' lang='lat' dir='ltr'>ooll.</span> <span class='ocrx_word' id='word_1_124' title='bbox 567 1686 658 1740; x_wconf 88' lang='lat' dir='ltr'>Gunv.</span> <span class='ocrx_word' id='word_1_125' title='bbox 668 1691 698 1739; x_wconf 89' lang='lat' dir='ltr'>et</span> <span class='ocrx_word' id='word_1_126' title='bbox 708 1686 738 1742; x_wconf 91' lang='lat' dir='ltr'>C.</span> <span class='ocrx_word' id='word_1_127' title='bbox 751 1686 886 1739; x_wconf 84' lang='lat' dir='ltr'>Nioholao</span> <span class='ocrx_word' id='word_1_128' title='bbox 897 1685 1007 1756; x_wconf 83' lang='lat' dir='ltr'>Messoy</span> <span class='ocrx_word' id='word_1_129' title='bbox 1017 1686 1060 1740; x_wconf 86' lang='lat' dir='ltr'>Jo.</span> <span class='ocrx_word' id='word_1_130' title='bbox 1073 1687 1184 1740; x_wconf 82' lang='lat' dir='ltr'>Morshe</span> <span class='ocrx_word' id='word_1_131' title='bbox 1196 1687 1265 1742; x_wconf 91' lang='lat' dir='ltr'>Hon.</span> <span class='ocrx_word' id='word_1_132' title='bbox 1281 1687 1355 1759; x_wconf 82' lang='lat' dir='ltr'>Ryse</span> 
     </span>
     <span class='ocr_line' id='line_1_16' title="bbox 269 1774 1355 1847; baseline 0.001 -17"><span class='ocrx_word' id='word_1_133' title='bbox 269 1778 325 1830; x_wconf 89' lang='lat' dir='ltr'>Pet.</span> <span class='ocrx_word' id='word_1_134' title='bbox 345 1776 429 1830; x_wconf 82' lang='lat' dir='ltr'>Batos</span> <span class='ocrx_word' id='word_1_135' title='bbox 442 1776 489 1830; x_wconf 88' lang='lat' dir='ltr'>W⁰</span> <span class='ocrx_word' id='word_1_136' title='bbox 501 1774 614 1846; x_wconf 82' lang='lat' dir='ltr'>Causey</span> <span class='ocrx_word' id='word_1_137' title='bbox 630 1774 698 1830; x_wconf 90' lang='lat' dir='ltr'>Tho.</span> <span class='ocrx_word' id='word_1_138' title='bbox 713 1774 815 1844; x_wconf 87' lang='lat' dir='ltr'>Tooley</span> <span class='ocrx_word' id='word_1_139' title='bbox 830 1774 970 1829; x_wconf 86' lang='lat' dir='ltr'>Wilielrno</span> <span class='ocrx_word' id='word_1_140' title='bbox 987 1775 1130 1830; x_wconf 81' lang='lat' dir='ltr'>Greeuhili</span> <span class='ocrx_word' id='word_1_141' title='bbox 1144 1776 1191 1830; x_wconf 89' lang='lat' dir='ltr'>W⁰</span> <span class='ocrx_word' id='word_1_142' title='bbox 1203 1777 1355 1847; x_wconf 78' lang='lat' dir='ltr'>Corawaye</span> 
     </span>
     <span class='ocr_line' id='line_1_17' title="bbox 267 1863 500 1936; baseline -0.009 -16"><span class='ocrx_word' id='word_1_143' title='bbox 267 1863 500 1936; x_wconf 85' lang='lat' dir='ltr'>Step.Beo1nond</span> 
     </span>
    </p>

    <p class='ocr_par' dir='ltr' id='par_1_9' title="bbox 197 1951 1355 2096">
     <span class='ocr_line' id='line_1_18' title="bbox 197 1951 1355 2026; baseline 0.002 -19"><span class='ocrx_word' id='word_1_144' title='bbox 197 1954 264 2008; x_wconf 84' lang='lat' dir='ltr'>Coit.</span> <span class='ocrx_word' id='word_1_145' title='bbox 292 1953 363 2022; x_wconf 87' lang='lat' dir='ltr'>Mag.</span> <span class='ocrx_word' id='word_1_146' title='bbox 390 1956 407 2006; x_wconf 88' lang='lat'>3</span> <span class='ocrx_word' id='word_1_147' title='bbox 455 1953 497 2006; x_wconf 85' lang='lat' dir='ltr'>Ex</span> <span class='ocrx_word' id='word_1_148' title='bbox 524 1952 638 2022; x_wconf 84' lang='lat' dir='ltr'>collegio</span> <span class='ocrx_word' id='word_1_149' title='bbox 664 1951 728 2006; x_wconf 80' lang='lat' dir='ltr'>dive</span> <span class='ocrx_word' id='word_1_150' title='bbox 757 1952 848 2021; x_wconf 86' lang='lat' dir='ltr'>Magd.</span> <span class='ocrx_word' id='word_1_151' title='bbox 874 1951 1014 2006; x_wconf 85' lang='lat' dir='ltr'>Wiilelmo</span> <span class='ocrx_word' id='word_1_152' title='bbox 1039 1953 1109 2008; x_wconf 86' lang='lat' dir='ltr'>Bate</span> <span class='ocrx_word' id='word_1_153' title='bbox 1134 1954 1202 2008; x_wconf 87' lang='lat' dir='ltr'>Tho.</span> <span class='ocrx_word' id='word_1_154' title='bbox 1228 1954 1355 2026; x_wconf 79' lang='lat' dir='ltr'>Maxiyid</span> 
     </span>
     <span class='ocr_line' id='line_1_19' title="bbox 267 2042 442 2096; baseline -0.006 0"><span class='ocrx_word' id='word_1_155' title='bbox 267 2043 309 2096; x_wconf 89' lang='lat' dir='ltr'>Jo.</span> <span class='ocrx_word' id='word_1_156' title='bbox 331 2042 442 2095; x_wconf 86' lang='lat' dir='ltr'>Deaoon</span> 
     </span>
    </p>

    <p class='ocr_par' dir='ltr' id='par_1_10' title="bbox 196 2128 1101 2199">
     <span class='ocr_line' id='line_1_20' title="bbox 196 2128 1101 2199; baseline -0.003 -14"><span class='ocrx_word' id='word_1_157' title='bbox 196 2132 261 2186; x_wconf 80' lang='lat' dir='ltr'>Aur.</span> <span class='ocrx_word' id='word_1_158' title='bbox 284 2131 386 2186; x_wconf 72' lang='lat' dir='ltr'>Katt</span> <span class='ocrx_word' id='word_1_159' title='bbox 434 2130 476 2184; x_wconf 82' lang='lat' dir='ltr'>Ex</span> <span class='ocrx_word' id='word_1_160' title='bbox 494 2130 560 2184; x_wconf 81' lang='lat' dir='ltr'>aula</span> <span class='ocrx_word' id='word_1_161' title='bbox 580 2129 675 2186; x_wconf 85' lang='lat' dir='ltr'>Kater.</span> <span class='ocrx_word' id='word_1_162' title='bbox 696 2129 772 2184; x_wconf 78' lang='lat' dir='ltr'><strong>Edw.</strong></span> <span class='ocrx_word' id='word_1_163' title='bbox 793 2128 904 2182; x_wconf 87' lang='lat' dir='ltr'>Holdeu</span> <span class='ocrx_word' id='word_1_164' title='bbox 922 2128 991 2182; x_wconf 86' lang='lat' dir='ltr'>Tho.</span> <span class='ocrx_word' id='word_1_165' title='bbox 1012 2129 1101 2199; x_wconf 85' lang='lat' dir='ltr'>Legge</span> 
     </span>
    </p>

    <p class='ocr_par' dir='ltr' id='par_1_11' title="bbox 197 2217 1355 2466">
     <span class='ocr_line' id='line_1_21' title="bbox 197 2217 1355 2290; baseline 0.001 -17"><span class='ocrx_word' id='word_1_166' title='bbox 197 2219 265 2274; x_wconf 90' lang='lat' dir='ltr'>Coll.</span> <span class='ocrx_word' id='word_1_167' title='bbox 285 2218 377 2288; x_wconf 85' lang='lat' dir='ltr'>Regol.</span> <span class='ocrx_word' id='word_1_168' title='bbox 396 2223 412 2271; x_wconf 76' lang='lat' dir='ltr'>o</span> <span class='ocrx_word' id='word_1_169' title='bbox 456 2218 520 2272; x_wconf 90' lang='lat' dir='ltr'>Vna</span> <span class='ocrx_word' id='word_1_170' title='bbox 536 2235 601 2272; x_wconf 86' lang='lat' dir='ltr'>oum</span> <span class='ocrx_word' id='word_1_171' title='bbox 618 2219 674 2272; x_wconf 90' lang='lat' dir='ltr'>hiis</span> <span class='ocrx_word' id='word_1_172' title='bbox 689 2217 950 2272; x_wconf 85' lang='lat' dir='ltr'>determinaverunt</span> <span class='ocrx_word' id='word_1_173' title='bbox 967 2235 1001 2270; x_wconf 81' lang='lat' dir='ltr'>ex</span> <span class='ocrx_word' id='word_1_174' title='bbox 1017 2218 1131 2288; x_wconf 82' lang='lat' dir='ltr'>collegio</span> <span class='ocrx_word' id='word_1_175' title='bbox 1151 2219 1236 2289; x_wconf 77' lang='lat' dir='ltr'>Regio</span> <span class='ocrx_word' id='word_1_176' title='bbox 1251 2218 1355 2290; x_wconf 88' lang='lat' dir='ltr'>quibus</span> 
     </span>
     <span class='ocr_line' id='line_1_22' title="bbox 268 2304 1355 2379; baseline 0.002 -19"><span class='ocrx_word' id='word_1_177' title='bbox 268 2306 345 2360; x_wconf 87' lang='lat' dir='ltr'>nulla</span> <span class='ocrx_word' id='word_1_178' title='bbox 376 2310 420 2360; x_wconf 88' lang='lat' dir='ltr'>est</span> <span class='ocrx_word' id='word_1_179' title='bbox 449 2306 540 2376; x_wconf 84' lang='lat' dir='ltr'>petita</span> <span class='ocrx_word' id='word_1_180' title='bbox 569 2305 660 2376; x_wconf 84' lang='lat' dir='ltr'>gratio</span> <span class='ocrx_word' id='word_1_181' title='bbox 687 2322 777 2375; x_wconf 84' lang='lat' dir='ltr'>neque</span> <span class='ocrx_word' id='word_1_182' title='bbox 804 2322 935 2358; x_wconf 85' lang='lat' dir='ltr'>concessa</span> <span class='ocrx_word' id='word_1_183' title='bbox 957 2304 994 2359; x_wconf 85' lang='lat' dir='ltr'>ab</span> <span class='ocrx_word' id='word_1_184' title='bbox 1018 2305 1161 2360; x_wconf 80' lang='lat' dir='ltr'>academia</span> <span class='ocrx_word' id='word_1_185' title='bbox 1184 2306 1226 2360; x_wconf 85' lang='lat' dir='ltr'>Jo.</span> <span class='ocrx_word' id='word_1_186' title='bbox 1253 2307 1355 2379; x_wconf 87' lang='lat' dir='ltr'>Smyth</span> 
     </span>
     <span class='ocr_line' id='line_1_23' title="bbox 270 2393 1168 2466; baseline -0.001 -17"><span class='ocrx_word' id='word_1_187' title='bbox 270 2394 406 2450; x_wconf 85' lang='lat' dir='ltr'>Ricardus</span> <span class='ocrx_word' id='word_1_188' title='bbox 425 2395 504 2466; x_wconf 89' lang='lat' dir='ltr'>Daye</span> <span class='ocrx_word' id='word_1_189' title='bbox 525 2394 596 2448; x_wconf 88' lang='lat' dir='ltr'>Heu.</span> <span class='ocrx_word' id='word_1_190' title='bbox 618 2394 747 2448; x_wconf 83' lang='lat' dir='ltr'>Moutloe</span> <span class='ocrx_word' id='word_1_191' title='bbox 765 2394 809 2448; x_wconf 87' lang='lat' dir='ltr'>Jo.</span> <span class='ocrx_word' id='word_1_192' title='bbox 830 2394 940 2448; x_wconf 87' lang='lat' dir='ltr'>Turner</span> <span class='ocrx_word' id='word_1_193' title='bbox 957 2393 1025 2448; x_wconf 82' lang='lat' dir='ltr'>Tho.</span> <span class='ocrx_word' id='word_1_194' title='bbox 1045 2395 1168 2448; x_wconf 83' lang='lat' dir='ltr'>Thomas</span> 
     </span>
    </p>

    <p class='ocr_par' dir='ltr' id='par_1_12' title="bbox 198 2481 1356 2995">
     <span class='ocr_line' id='line_1_24' title="bbox 198 2481 1356 2554; baseline -0.001 -15"><span class='ocrx_word' id='word_1_195' title='bbox 198 2484 368 2540; x_wconf 81' lang='lat' dir='ltr'>Conceditur</span> <span class='ocrx_word' id='word_1_196' title='bbox 384 2488 418 2537; x_wconf 80' lang='lat'>25</span> <span class='ocrx_word' id='word_1_197' title='bbox 437 2482 581 2537; x_wconf 78' lang='lat' dir='ltr'>Februarii</span> <span class='ocrx_word' id='word_1_198' title='bbox 597 2500 672 2536; x_wconf 87' lang='lat' dir='ltr'>anuo</span> <span class='ocrx_word' id='word_1_199' title='bbox 688 2482 795 2536; x_wconf 90' lang='lat' dir='ltr'>domini</span> <span class='ocrx_word' id='word_1_200' title='bbox 807 2481 962 2536; x_wconf 85' lang='lat' dir='ltr'>secundum</span> <span class='ocrx_word' id='word_1_201' title='bbox 975 2484 1215 2554; x_wconf 79' lang='lat' dir='ltr'>computaoionem</span> <span class='ocrx_word' id='word_1_202' title='bbox 1233 2483 1356 2538; x_wconf 80' lang='lat' dir='ltr'>Ecclesie</span> 
     </span>
     <span class='ocr_line' id='line_1_25' title="bbox 269 2567 1354 2641; baseline 0.002 -17"><span class='ocrx_word' id='word_1_203' title='bbox 269 2571 423 2641; x_wconf 86' lang='lat' dir='ltr'>Anglicane</span> <span class='ocrx_word' id='word_1_204' title='bbox 438 2573 506 2624; x_wconf 81' lang='lat'>1574</span> <span class='ocrx_word' id='word_1_205' title='bbox 520 2567 639 2622; x_wconf 84' lang='lat' dir='ltr'>Rioardo</span> <span class='ocrx_word' id='word_1_206' title='bbox 654 2568 805 2638; x_wconf 86' lang='lat' dir='ltr'>Burnelipe</span> <span class='ocrx_word' id='word_1_207' title='bbox 817 2586 849 2622; x_wconf 84' lang='lat' dir='ltr'>er</span> <span class='ocrx_word' id='word_1_208' title='bbox 862 2567 977 2638; x_wconf 84' lang='lat' dir='ltr'>collegio</span> <span class='ocrx_word' id='word_1_209' title='bbox 990 2568 1139 2623; x_wconf 73' lang='lat' dir='ltr'>Trinitatis</span> <span class='ocrx_word' id='word_1_210' title='bbox 1151 2574 1183 2623; x_wconf 89' lang='lat' dir='ltr'>vt</span> <span class='ocrx_word' id='word_1_211' title='bbox 1198 2575 1229 2623; x_wconf 74' lang='lat'>12</span> <span class='ocrx_word' id='word_1_212' title='bbox 1242 2571 1354 2626; x_wconf 83' lang='lat' dir='ltr'>termini</span> 
     </span>
     <span class='ocr_line' id='line_1_26' title="bbox 268 2655 1355 2729; baseline 0.001 -17"><span class='ocrx_word' id='word_1_213' title='bbox 268 2658 401 2729; x_wconf 85' lang='lat' dir='ltr'>completi</span> <span class='ocrx_word' id='word_1_214' title='bbox 424 2655 580 2727; x_wconf 87' lang='lat' dir='ltr'>inquibus</span> <span class='ocrx_word' id='word_1_215' title='bbox 604 2656 738 2710; x_wconf 86' lang='lat' dir='ltr'>lectiones</span> <span class='ocrx_word' id='word_1_216' title='bbox 762 2656 918 2710; x_wconf 87' lang='lat' dir='ltr'>ordinaries</span> <span class='ocrx_word' id='word_1_217' title='bbox 942 2656 1052 2711; x_wconf 86' lang='lat' dir='ltr'>oudivit</span> <span class='ocrx_word' id='word_1_218' title='bbox 1076 2657 1142 2711; x_wconf 85' lang='lat' dir='ltr'>lieet</span> <span class='ocrx_word' id='word_1_219' title='bbox 1163 2676 1218 2711; x_wconf 90' lang='lat' dir='ltr'>uon</span> <span class='ocrx_word' id='word_1_220' title='bbox 1240 2660 1355 2713; x_wconf 91' lang='lat' dir='ltr'>omnino</span> 
     </span>
     <span class='ocr_line' id='line_1_27' title="bbox 268 2743 1355 2815; baseline 0.001 -14"><span class='ocrx_word' id='word_1_221' title='bbox 268 2746 423 2802; x_wconf 86' lang='lat' dir='ltr'>seeundum</span> <span class='ocrx_word' id='word_1_222' title='bbox 440 2745 558 2799; x_wconf 81' lang='lat' dir='ltr'>formam</span> <span class='ocrx_word' id='word_1_223' title='bbox 575 2745 678 2798; x_wconf 86' lang='lat' dir='ltr'>statuti</span> <span class='ocrx_word' id='word_1_224' title='bbox 694 2762 759 2798; x_wconf 86' lang='lat' dir='ltr'>oum</span> <span class='ocrx_word' id='word_1_225' title='bbox 773 2743 999 2815; x_wconf 85' lang='lat' dir='ltr'>opposicionibus</span> <span class='ocrx_word' id='word_1_226' title='bbox 1013 2745 1239 2815; x_wconf 74' lang='lat' dir='ltr'>responsionibus</span> <span class='ocrx_word' id='word_1_227' title='bbox 1251 2753 1281 2800; x_wconf 86' lang='lat' dir='ltr'>et</span> <span class='ocrx_word' id='word_1_228' title='bbox 1292 2748 1355 2802; x_wconf 87' lang='lat' dir='ltr'>aliis</span> 
     </span>
     <span class='ocr_line' id='line_1_28' title="bbox 269 2831 1354 2906; baseline 0 -16"><span class='ocrx_word' id='word_1_229' title='bbox 269 2835 408 2890; x_wconf 85' lang='lat' dir='ltr'>exercitiis</span> <span class='ocrx_word' id='word_1_230' title='bbox 426 2851 475 2904; x_wconf 91' lang='lat' dir='ltr'>per</span> <span class='ocrx_word' id='word_1_231' title='bbox 493 2837 603 2886; x_wconf 80' lang='lat' dir='ltr'>statuta</span> <span class='ocrx_word' id='word_1_232' title='bbox 620 2831 764 2902; x_wconf 69' lang='lat' dir='ltr'>inquisitis</span> <span class='ocrx_word' id='word_1_233' title='bbox 781 2833 923 2886; x_wconf 80' lang='lat' dir='ltr'>sufficient</span> <span class='ocrx_word' id='word_1_234' title='bbox 939 2833 963 2886; x_wconf 92' lang='lat' dir='ltr'>ei</span> <span class='ocrx_word' id='word_1_235' title='bbox 981 2832 1017 2886; x_wconf 88' lang='lat' dir='ltr'>ad</span> <span class='ocrx_word' id='word_1_236' title='bbox 1033 2833 1256 2904; x_wconf 85' lang='lat' dir='ltr'>respondendum</span> <span class='ocrx_word' id='word_1_237' title='bbox 1273 2853 1354 2906; x_wconf 87' lang='lat' dir='ltr'>ques·</span> 
     </span>
     <span class='ocr_line' id='line_1_29' title="bbox 268 2922 1220 2995; baseline -0.001 -16"><span class='ocrx_word' id='word_1_238' title='bbox 268 2925 339 2979; x_wconf 90' lang='lat' dir='ltr'>tioni</span> <span class='ocrx_word' id='word_1_239' title='bbox 376 2922 467 2977; x_wconf 81' lang='lat' dir='ltr'>abfuit</span> <span class='ocrx_word' id='word_1_240' title='bbox 480 2923 509 2976; x_wconf 92' lang='lat' dir='ltr'>in</span> <span class='ocrx_word' id='word_1_241' title='bbox 522 2923 568 2976; x_wconf 87' lang='lat' dir='ltr'>die</span> <span class='ocrx_word' id='word_1_242' title='bbox 579 2923 705 2976; x_wconf 84' lang='lat' dir='ltr'>oiuenun</span> <span class='ocrx_word' id='word_1_243' title='bbox 721 2927 788 2978; x_wconf 76' lang='lat'>1574</span> <span class='ocrx_word' id='word_1_244' title='bbox 824 2923 970 2992; x_wconf 80' lang='lat' dir='ltr'>(forisfecit</span> <span class='ocrx_word' id='word_1_245' title='bbox 982 2923 1040 2976; x_wconf 80' lang='lat' dir='ltr'>xiii¹¹</span> <span class='ocrx_word' id='word_1_246' title='bbox 1053 2922 1108 2995; x_wconf 79' lang='lat' dir='ltr'>iiij‘¹</span> <span class='ocrx_word' id='word_1_247' title='bbox 1120 2927 1220 2995; x_wconf 71' lang='lat' dir='ltr'>mory.)</span> 
     </span>
    </p>

    <p class='ocr_par' dir='ltr' id='par_1_13' title="bbox 199 3009 1355 3245">
     <span class='ocr_line' id='line_1_30' title="bbox 199 3009 1354 3078; baseline 0 -10"><span class='ocrx_word' id='word_1_248' title='bbox 199 3011 369 3068; x_wconf 80' lang='lat' dir='ltr'>Conceditur</span> <span class='ocrx_word' id='word_1_249' title='bbox 381 3016 398 3064; x_wconf 88' lang='grc'>4</span> <span class='ocrx_word' id='word_1_250' title='bbox 411 3010 480 3064; x_wconf 87' lang='lat' dir='ltr'>Maii</span> <span class='ocrx_word' id='word_1_251' title='bbox 493 3009 617 3064; x_wconf 86' lang='lat' dir='ltr'>Johanni</span> <span class='ocrx_word' id='word_1_252' title='bbox 635 3009 758 3078; x_wconf 86' lang='lat' dir='ltr'>Beching</span> <span class='ocrx_word' id='word_1_253' title='bbox 775 3009 803 3062; x_wconf 92' lang='lat' dir='ltr'>in</span> <span class='ocrx_word' id='word_1_254' title='bbox 819 3009 929 3064; x_wconf 86' lang='lat' dir='ltr'>artibus</span> <span class='ocrx_word' id='word_1_255' title='bbox 948 3010 1147 3065; x_wconf 84' lang='lat' dir='ltr'>bacchalaureo</span> <span class='ocrx_word' id='word_1_256' title='bbox 1164 3012 1193 3065; x_wconf 90' lang='lat' dir='ltr'>in</span> <span class='ocrx_word' id='word_1_257' title='bbox 1211 3012 1354 3068; x_wconf 80' lang='lat' dir='ltr'>academia</span> 
     </span>
     <span class='ocr_line' id='line_1_31' title="bbox 270 3097 1355 3170; baseline 0 -15"><span class='ocrx_word' id='word_1_258' title='bbox 270 3099 420 3156; x_wconf 84' lang='lat' dir='ltr'>Oxoniensi</span> <span class='ocrx_word' id='word_1_259' title='bbox 434 3105 466 3152; x_wconf 89' lang='lat' dir='ltr'>vt</span> <span class='ocrx_word' id='word_1_260' title='bbox 477 3097 516 3151; x_wconf 90' lang='lat' dir='ltr'>sit</span> <span class='ocrx_word' id='word_1_261' title='bbox 528 3097 574 3151; x_wconf 90' lang='lat' dir='ltr'>hio</span> <span class='ocrx_word' id='word_1_262' title='bbox 586 3097 662 3168; x_wconf 86' lang='lat' dir='ltr'>apud</span> <span class='ocrx_word' id='word_1_263' title='bbox 675 3115 725 3150; x_wconf 87' lang='lat' dir='ltr'>vos</span> <span class='ocrx_word' id='word_1_264' title='bbox 737 3098 766 3150; x_wconf 92' lang='lat' dir='ltr'>iu</span> <span class='ocrx_word' id='word_1_265' title='bbox 779 3097 895 3152; x_wconf 84' lang='lat' dir='ltr'>oiisdern</span> <span class='ocrx_word' id='word_1_266' title='bbox 907 3099 996 3168; x_wconf 84' lang='lat' dir='ltr'>gradu</span> <span class='ocrx_word' id='word_1_267' title='bbox 1008 3098 1106 3152; x_wconf 90' lang='lat' dir='ltr'>ordine</span> <span class='ocrx_word' id='word_1_268' title='bbox 1123 3105 1152 3153; x_wconf 89' lang='lat' dir='ltr'>et</span> <span class='ocrx_word' id='word_1_269' title='bbox 1164 3116 1239 3153; x_wconf 87' lang='lat' dir='ltr'>anno</span> <span class='ocrx_word' id='word_1_270' title='bbox 1251 3101 1355 3170; x_wconf 91' lang='lat' dir='ltr'>quibus</span> 
     </span>
     <span class='ocr_line' id='line_1_32' title="bbox 269 3185 776 3245; baseline -0.01 0"><span class='ocrx_word' id='word_1_271' title='bbox 269 3190 325 3245; x_wconf 80' lang='lat' dir='ltr'>fuit</span> <span class='ocrx_word' id='word_1_272' title='bbox 336 3190 366 3242; x_wconf 91' lang='lat' dir='ltr'>in</span> <span class='ocrx_word' id='word_1_273' title='bbox 379 3187 456 3242; x_wconf 85' lang='lat' dir='ltr'>dicta</span> <span class='ocrx_word' id='word_1_274' title='bbox 468 3185 611 3240; x_wconf 82' lang='lat' dir='ltr'>academia</span> <span class='ocrx_word' id='word_1_275' title='bbox 624 3185 776 3240; x_wconf 85' lang='lat' dir='ltr'>Oxoniensi</span> 
     </span>
    </p>

    <p class='ocr_par' dir='ltr' id='par_1_14' title="bbox 200 3275 1078 3348">
     <span class='ocr_line' id='line_1_33' title="bbox 200 3275 1078 3348; baseline -0.002 -15"><span class='ocrx_word' id='word_1_276' title='bbox 200 3278 304 3333; x_wconf 82' lang='lat' dir='ltr'>Eadem</span> <span class='ocrx_word' id='word_1_277' title='bbox 317 3277 408 3348; x_wconf 82' lang='lat' dir='ltr'>gratia</span> <span class='ocrx_word' id='word_1_278' title='bbox 419 3276 583 3330; x_wconf 88' lang='lat' dir='ltr'>oonceditur</span> <span class='ocrx_word' id='word_1_279' title='bbox 593 3275 691 3330; x_wconf 90' lang='lat' dir='ltr'>eodem</span> <span class='ocrx_word' id='word_1_280' title='bbox 703 3277 818 3330; x_wconf 91' lang='lat' dir='ltr'>domino</span> <span class='ocrx_word' id='word_1_281' title='bbox 832 3276 952 3331; x_wconf 84' lang='lat' dir='ltr'>Ricardo</span> <span class='ocrx_word' id='word_1_282' title='bbox 965 3277 1078 3332; x_wconf 81' lang='lat' dir='ltr'>Claiton</span> 
     </span>
    </p>

    <p class='ocr_par' dir='ltr' id='par_1_15' title="bbox 200 3365 1355 3703">
     <span class='ocr_line' id='line_1_34' title="bbox 200 3365 1355 3438; baseline 0.002 -17"><span class='ocrx_word' id='word_1_283' title='bbox 200 3367 370 3423; x_wconf 87' lang='lat' dir='ltr'>Conceditur</span> <span class='ocrx_word' id='word_1_284' title='bbox 381 3370 399 3420; x_wconf 87' lang='grc'>3</span> <span class='ocrx_word' id='word_1_285' title='bbox 412 3365 555 3420; x_wconf 83' lang='lat' dir='ltr'>Febnrarii</span> <span class='ocrx_word' id='word_1_286' title='bbox 570 3371 601 3419; x_wconf 84' lang='lat' dir='ltr'>vt</span> <span class='ocrx_word' id='word_1_287' title='bbox 613 3365 740 3436; x_wconf 76' lang='lat' dir='ltr'>magistri</span> <span class='ocrx_word' id='word_1_288' title='bbox 754 3365 770 3418; x_wconf 93' lang='lat' dir='ltr'>J</span> <span class='ocrx_word' id='word_1_289' title='bbox 773 3384 797 3422; x_wconf 86' lang='lat' dir='ltr'>o.</span> <span class='ocrx_word' id='word_1_290' title='bbox 812 3365 927 3437; x_wconf 80' lang='lat' dir='ltr'>Duffyld</span> <span class='ocrx_word' id='word_1_291' title='bbox 939 3371 970 3421; x_wconf 90' lang='lat' dir='ltr'>et</span> <span class='ocrx_word' id='word_1_292' title='bbox 982 3367 1024 3422; x_wconf 91' lang='lat' dir='ltr'>Jo.</span> <span class='ocrx_word' id='word_1_293' title='bbox 1040 3367 1143 3438; x_wconf 83' lang='lat' dir='ltr'>Smyth</span> <span class='ocrx_word' id='word_1_294' title='bbox 1158 3367 1282 3438; x_wconf 80' lang='lat' dir='ltr'>Reginoi.</span> <span class='ocrx_word' id='word_1_295' title='bbox 1295 3370 1355 3423; x_wconf 88' lang='lat' dir='ltr'>sint</span> 
     </span>
     <span class='ocr_line' id='line_1_35' title="bbox 270 3454 1354 3526; baseline 0.003 -16"><span class='ocrx_word' id='word_1_296' title='bbox 270 3460 364 3510; x_wconf 86' lang='lat' dir='ltr'>vestra</span> <span class='ocrx_word' id='word_1_297' title='bbox 376 3455 545 3509; x_wconf 81' lang='lat' dir='ltr'>auctoritate</span> <span class='ocrx_word' id='word_1_298' title='bbox 556 3454 763 3508; x_wconf 78' lang='lat' dir='ltr'>examinatores</span> <span class='ocrx_word' id='word_1_299' title='bbox 772 3459 802 3508; x_wconf 88' lang='lat' dir='ltr'>et</span> <span class='ocrx_word' id='word_1_300' title='bbox 810 3455 920 3524; x_wconf 88' lang='lat' dir='ltr'>judices</span> <span class='ocrx_word' id='word_1_301' title='bbox 929 3457 1181 3526; x_wconf 85' lang='lat' dir='ltr'>questionistaruru</span> <span class='ocrx_word' id='word_1_302' title='bbox 1193 3457 1277 3511; x_wconf 91' lang='lat' dir='ltr'>huius</span> <span class='ocrx_word' id='word_1_303' title='bbox 1287 3459 1354 3513; x_wconf 85' lang='lat' dir='ltr'>enni</span> 
     </span>
     <span class='ocr_line' id='line_1_36' title="bbox 270 3543 1354 3601; baseline 0.003 -3"><span class='ocrx_word' id='word_1_304' title='bbox 270 3544 310 3598; x_wconf 86' lang='lat' dir='ltr'>sio</span> <span class='ocrx_word' id='word_1_305' title='bbox 322 3547 354 3598; x_wconf 87' lang='lat' dir='ltr'>vt</span> <span class='ocrx_word' id='word_1_306' title='bbox 365 3561 459 3598; x_wconf 83' lang='lat' dir='ltr'>oorom</span> <span class='ocrx_word' id='word_1_307' title='bbox 471 3547 573 3597; x_wconf 89' lang='lat' dir='ltr'>senatu</span> <span class='ocrx_word' id='word_1_308' title='bbox 585 3543 719 3596; x_wconf 90' lang='lat' dir='ltr'>iuditium</span> <span class='ocrx_word' id='word_1_309' title='bbox 731 3555 761 3596; x_wconf 86' lang='lat' dir='ltr'>et</span> <span class='ocrx_word' id='word_1_310' title='bbox 773 3545 944 3598; x_wconf 79' lang='lat' dir='ltr'>sententiam</span> <span class='ocrx_word' id='word_1_311' title='bbox 957 3561 1037 3598; x_wconf 86' lang='lat' dir='ltr'>auam</span> <span class='ocrx_word' id='word_1_312' title='bbox 1051 3545 1085 3599; x_wconf 89' lang='lat' dir='ltr'>de</span> <span class='ocrx_word' id='word_1_313' title='bbox 1096 3544 1212 3599; x_wconf 85' lang='lat' dir='ltr'>eiisdom</span> <span class='ocrx_word' id='word_1_314' title='bbox 1223 3546 1316 3600; x_wconf 77' lang='lat' dir='ltr'>forant</span> <span class='ocrx_word' id='word_1_315' title='bbox 1325 3547 1354 3601; x_wconf 91' lang='lat' dir='ltr'>in</span> 
     </span>
     <span class='ocr_line' id='line_1_37' title="bbox 271 3631 960 3703; baseline 0.001 -17"><span class='ocrx_word' id='word_1_316' title='bbox 271 3633 328 3686; x_wconf 89' lang='lat' dir='ltr'>vim</span> <span class='ocrx_word' id='word_1_317' title='bbox 342 3631 492 3686; x_wconf 84' lang='lat' dir='ltr'>iuramenti</span> <span class='ocrx_word' id='word_1_318' title='bbox 505 3633 548 3686; x_wconf 90' lang='lat' dir='ltr'>sui</span> <span class='ocrx_word' id='word_1_319' title='bbox 562 3633 642 3702; x_wconf 90' lang='lat' dir='ltr'>prius</span> <span class='ocrx_word' id='word_1_320' title='bbox 655 3633 835 3690; x_wconf 83' lang='lat' dir='ltr'>vuiuersitati</span> <span class='ocrx_word' id='word_1_321' title='bbox 848 3634 960 3703; x_wconf 86' lang='lat' dir='ltr'>prestiti</span> 
     </span>
    </p>

    <p class='ocr_par' dir='ltr' id='par_1_16' title="bbox 200 3718 1353 3881">
     <span class='ocr_line' id='line_1_38' title="bbox 200 3718 1353 3792; baseline 0.003 -17"><span class='ocrx_word' id='word_1_322' title='bbox 200 3719 370 3776; x_wconf 68' lang='lat' dir='ltr'>Contuditur</span> <span class='ocrx_word' id='word_1_323' title='bbox 382 3718 478 3772; x_wconf 85' lang='lat' dir='ltr'>eodem</span> <span class='ocrx_word' id='word_1_324' title='bbox 489 3723 520 3773; x_wconf 90' lang='lat' dir='ltr'>vt</span> <span class='ocrx_word' id='word_1_325' title='bbox 531 3719 720 3789; x_wconf 87' lang='lat' dir='ltr'>questioniste</span> <span class='ocrx_word' id='word_1_326' title='bbox 730 3721 838 3789; x_wconf 71' lang='lat' dir='ltr'>lusaint</span> <span class='ocrx_word' id='word_1_327' title='bbox 848 3720 1014 3791; x_wconf 80' lang='lat' dir='ltr'>respondere</span> <span class='ocrx_word' id='word_1_328' title='bbox 1023 3722 1164 3791; x_wconf 86' lang='lat' dir='ltr'>questioni</span> <span class='ocrx_word' id='word_1_329' title='bbox 1175 3726 1239 3792; x_wconf 87' lang='lat' dir='ltr'>post</span> <span class='ocrx_word' id='word_1_330' title='bbox 1248 3725 1353 3778; x_wconf 72' lang='lat' dir='ltr'>festum</span> 
     </span>
     <span class='ocr_line' id='line_1_39' title="bbox 271 3809 1138 3881; baseline 0.002 -19"><span class='ocrx_word' id='word_1_331' title='bbox 271 3809 475 3881; x_wconf 84' lang='lat' dir='ltr'>purifioaoiouis</span> <span class='ocrx_word' id='word_1_332' title='bbox 488 3809 568 3863; x_wconf 83' lang='lat' dir='ltr'>beate</span> <span class='ocrx_word' id='word_1_333' title='bbox 585 3809 673 3862; x_wconf 87' lang='lat' dir='ltr'>Marie</span> <span class='ocrx_word' id='word_1_334' title='bbox 686 3826 741 3862; x_wconf 90' lang='lat' dir='ltr'>uon</span> <span class='ocrx_word' id='word_1_335' title='bbox 754 3809 886 3863; x_wconf 86' lang='lat' dir='ltr'>obstante</span> <span class='ocrx_word' id='word_1_336' title='bbox 898 3815 1008 3864; x_wconf 85' lang='lat' dir='ltr'>statuto</span> <span class='ocrx_word' id='word_1_337' title='bbox 1019 3811 1138 3880; x_wconf 87' lang='lat' dir='ltr'>antiquo</span> 
     </span>
    </p>
   </div>
   <div class='ocr_carea' id='block_1_5' title="bbox 0 0 1712 5116">
    <p class='ocr_par' dir='ltr' id='par_1_17' title="bbox 0 0 1712 5116">
     <span class='ocr_line' id='line_1_40' title="bbox 0 0 1712 5116; baseline 0 0"><span class='ocrx_word' id='word_1_338' title='bbox 0 0 1712 5116; x_wconf 95' lang='lat' dir='ltr'> </span> 
     </span>
    </p>
   </div>
  </div>
 </body>
</html>
