3394 5114
207 366 371 450 1564-65]
642 381 755 428 ouucs
778 381 870 428 Boon
893 383 916 428 Δ
1300 359 1360 426 187

206 534 374 590 Conceditur
395 538 430 588 26
448 534 578 589 Juuuurii
600 539 631 588 vt
652 535 838 605 questioniste
859 534 945 588 huius
969 535 1036 588 enni
1061 533 1171 604 possint
1196 532 1362 603 respondere

276 623 417 695 questioni
430 628 496 694 post
508 623 611 677 festum
626 623 829 694 purificationis
842 641 898 677 uon
912 624 1043 678 obstante
1055 628 1165 676 stituto

207 713 377 768 Conceditur
395 711 492 766 eodem
511 716 543 766 vt
561 716 654 766 vestre
671 713 845 766 authoritate
865 712 995 782 magistri
1014 711 1105 764 Leton
1124 715 1153 763 et
1173 708 1363 779 Bridgewuter

278 801 337 854 sint
348 801 554 854 examinatores
565 800 817 870 questionistsrum
831 800 915 854 huius
931 799 999 853 enni
1016 799 1057 853 sic
1075 803 1107 852 vt
1123 799 1319 852 examinentur
1334 802 1363 851 et

277 889 470 960 approbentur
481 895 548 943 ente
561 888 759 943 admissionem
854 879 857 884 ¹

635 1291 787 1377 Magistri
810 1291 931 1356 artium
1376 1287 1397 1346 i.
1414 1287 1449 1345 81
1467 1287 1486 1342 b

208 1476 377 1531 Conceditur
389 1476 450 1547 iij¹⁴⁰
463 1477 560 1531 Martii
572 1477 686 1531 domiuo
699 1477 841 1532 Willelmo
852 1478 1000 1548 Chspmen
1013 1482 1045 1532 vt
1057 1495 1159 1533 novem
1172 1478 1286 1532 termini
1299 1486 1364 1549 post

278 1563 389 1618 finalem
408 1565 469 1618 eius
484 1565 747 1621 determinationem
763 1567 793 1620 in
810 1564 914 1636 quibus
930 1566 1064 1620 lectiones
1080 1565 1236 1622 ordinarius
1252 1565 1364 1621 audiuit

276 1652 343 1706 lieet
360 1669 417 1706 nou
433 1652 549 1706 omnino
564 1653 719 1708 secuudum
735 1655 854 1708 formum
871 1654 975 1708 statuti
994 1671 1059 1708 cum
1080 1653 1306 1724 oppositionibus
1322 1672 1362 1708 re-

277 1739 473 1810 sponsionibus
485 1745 515 1794 et
527 1741 591 1795 eliis
602 1743 742 1796 exercitiis
755 1759 805 1812 per
817 1746 928 1797 statute
940 1742 1016 1812 regie
1027 1742 1172 1814 requisitis
1183 1742 1324 1796 sufficient
1336 1742 1363 1796 ei

256 1866 259 1874 .
276 1826 313 1882 ed
324 1826 514 1898 incipiendum
528 1828 681 1883 inertibus

206 1916 312 1970 Eadem
325 1917 415 1986 gretia
427 1916 589 1971 conceditur
601 1917 698 1971 eodem
716 1917 830 1972 domino
845 1917 983 1972 Willelmo
998 1916 1062 1971 Sole
1078 1916 1104 1972 d.
1123 1916 1246 1972 Roberto
1262 1915 1368 1972 Gerret'

223 2019 225 2024 ·
275 2004 300 2059 d.
314 2005 358 2059 Jo.
373 2005 488 2072 Querles
500 2005 526 2060 d.
542 2005 613 2060 Heu.
629 2005 753 2078 clyfford
769 2007 795 2062 d.
811 2005 858 2060 W⁰
870 2006 971 2061 Ciurke
982 2004 1010 2059 d.
1025 2005 1108 2060 Lodo.
1123 2005 1263 2060 Williems
1275 2005 1302 2060 d.
1316 2007 1359 2060 Jo.

277 2091 403 2147 meont
420 2092 446 2148 d.
464 2092 506 2146 Jo.
527 2092 600 2164 Styll
618 2093 645 2149 d.
665 2094 765 2164 Egidio
785 2095 922 2166 Pctrycke
940 2093 966 2150 d.
984 2093 1033 2149 W⁰
1052 2093 1154 2164 Lewyn
1172 2093 1198 2148 d.
1220 2093 1362 2149 Florentio

276 2181 431 2234 Stevenson
446 2179 471 2234 d.
489 2180 557 2234 Tho.
571 2180 691 2249 Smythe
707 2181 733 2236 d.
752 2183 875 2237 Johauni
893 2182 1063 2236 Greuewood
1077 2182 1103 2236 d.
1124 2181 1190 2236 Lau.
1210 2181 1362 2237 Burnewell

275 2269 302 2324 d.
315 2268 383 2322 Tho.
398 2266 493 2322 Neuce
507 2268 533 2323 d.
548 2268 667 2324 Ricardo
682 2270 773 2324 Jexon
789 2269 816 2324 d.
831 2269 875 2326 Jo.
894 2270 994 2340 Kynge
1011 2269 1037 2324 d.
1055 2269 1122 2324 Lau
1142 2269 1231 2340 Ryley
1247 2269 1273 2326 d.
1291 2268 1360 2326 Rob.

277 2356 359 2410 Some
380 2355 405 2410 d.
429 2356 578 2427 Redulpho
598 2356 812 2428 Hetheryngton
831 2355 858 2411 d.
878 2355 1002 2410 Roberto
1020 2355 1141 2410 Downes
1159 2359 1188 2410 et
1206 2355 1232 2409 d.
1253 2355 1361 2410 Simoni

276 2442 371 2498 Bucke

205 2531 311 2587 Eadem
322 2533 414 2604 gratie
425 2531 588 2588 conceditur
601 2537 634 2588 13
647 2532 754 2603 Aprilis
767 2531 817 2588 Ed.
832 2532 928 2586 Croite

205 2617 310 2674 Eadem
331 2619 422 2688 gretie
441 2617 603 2672 conceditur
623 2621 669 2672 11⁰
689 2618 757 2672 Maii
777 2618 805 2672 d.
826 2618 924 2672 Thom.
947 2616 1083 2687 Aldridge
1100 2621 1130 2671 et
1152 2617 1226 2672 Luce
1248 2618 1360 2690 Gylpyn

205 2709 269 2763 Vua
293 2725 357 2761 cum
382 2707 438 2761 hiis
462 2707 567 2778 incepit
587 2706 622 2760 de
642 2706 756 2778 collegio
776 2707 863 2776 Regio
881 2707 927 2760 cui
947 2707 1025 2761 nulla
1046 2707 1137 2778 gretia
1159 2707 1249 2777 petits
1270 2725 1361 2778 neque

274 2795 447 2866 dispensatio
459 2813 590 2849 concessu
602 2795 734 2850 domiuus
746 2796 763 2850 J
767 2813 824 2850 sco.
838 2794 905 2850 Coie

624 3164 711 3228 Ordo
734 3163 935 3228 senioritetis

380 3354 481 3425 Lewyn
695 3354 768 3425 Styll
978 3352 1041 3406 Sole

381 3441 479 3498 Neues
693 3443 792 3514 Kynge
978 3440 1060 3494 Some

378 3530 445 3586 Coie
697 3530 815 3601 Smytho
979 3528 1116 3599 Patrycke

379 3619 513 3690 Aldridge
697 3619 811 3691 Gylpyn
980 3616 1075 3671 Bucke

380 3709 549 3764 Crenewood
698 3709 801 3779 Reelye
812 3705 926 3780 [Ryley]
980 3705 1126 3776 Chepman

380 3799 498 3854 Donnes
696 3796 849 3851 Bsrneweil
979 3794 1119 3848 Williams

379 3885 505 3941 Brebsnt
696 3884 813 3952 Queries
978 3881 1079 3936 Gerret

379 3971 594 4045 Hetheryngton
695 3971 790 4026 Croite
978 3968 1102 4039 Olyfford

378 4062 469 4116 Jaxon
694 4060 794 4114 Clerke
981 4056 1157 4129 Stephenson

200 4231 372 4288 Conceditur
389 4230 454 4303 iiijto
471 4229 541 4286 Julii
561 4231 629 4285 Tho.
649 4229 751 4300 Jesope
767 4229 797 4284 in
815 4228 924 4284 ortibus
941 4229 1075 4299 magistro
1091 4234 1123 4284 vt
1140 4230 1180 4284 sit
1195 4230 1225 4284 iu
1240 4230 1356 4286 eiisdem

272 4319 360 4390 gradu
381 4318 477 4374 ordine
498 4325 527 4373 et
548 4335 624 4372 enno
644 4317 673 4371 in
695 4317 748 4372 huo
769 4316 953 4372 uniuersitete
971 4316 1075 4388 quibus
1093 4318 1148 4373 fuit
1166 4319 1194 4372 in
1214 4319 1357 4374 academie

272 4406 422 4461 Oxoniensi
