3422 5116
466 1134 718 1233 GRACE
773 1133 982 1232 BOOK
1032 1133 1082 1230 Δ

649 1455 894 1542 [maa-1543]

1362 1595 1465 1724 isdiis

190 1843 308 1908 Gratis
350 1844 420 1908 siue
466 1842 643 1930 petitiones
685 1865 834 1908 concesse
879 1844 913 1907 in
958 1843 1056 1929 plena
1099 1843 1350 1931 congregatione
1364 1843 1384 1906 l.
1403 1844 1450 1903 lb

287 1947 484 2030 Regentium
516 1961 550 2012 et
582 1970 646 2012 non
672 1947 857 2033 regentium
883 1971 903 2010 a
933 1949 1016 2012 festo
1046 1946 1151 2012 sancti
1181 1945 1350 2012 Michaelis

282 2050 469 2138 archangeli
503 2074 588 2117 anno
621 2053 715 2116 1542Ι
746 2073 845 2136 vsque
871 2051 913 2115 ad
943 2051 1042 2116 iidem
1075 2051 1193 2116 festum
1231 2063 1351 2117 extunc

283 2154 428 2241 proxime
444 2176 583 2240 sequens
628 2153 814 2219 doctoribus
834 2153 978 2219 Edmons
993 2164 1028 2219 et
1049 2153 1251 2240 Standysshe
1267 2155 1351 2220 vice·

284 2257 481 2322 cancellariis
491 2267 525 2322 et
541 2257 706 2344 magistris
721 2257 854 2322 Simone
870 2258 1016 2344 Brygges
1031 2266 1066 2322 et
1081 2256 1215 2322 Fdwino
1228 2258 1353 2324 Sandes

285 2359 547 2446 procuratoribus

196 2669 232 2724 ln
251 2669 351 2741 primis
368 2686 528 2724 contessum
548 2673 592 2724 est
608 2673 641 2723 vt
657 2685 754 2723 omnes
771 2669 860 2739 gratie
876 2667 1050 2724 admittendo
1066 2674 1096 2724 et
1113 2670 1286 2726 concedende
1305 2687 1355 2742 per

267 2757 415 2812 dominum
428 2755 683 2810 vicecancellarium
700 2755 828 2810 doctores
845 2755 1005 2811 Edmondes
1022 2763 1052 2811 et
1069 2757 1144 2828 Glyn
1161 2763 1190 2812 et
1206 2759 1355 2830 magistros

271 2843 377 2900 bladow
389 2852 419 2900 et
437 2845 498 2916 Byll
516 2845 627 2916 possint
638 2862 801 2900 concurrere
815 2846 846 2900 in
857 2851 980 2916 quatuor
996 2846 1255 2917 congregationibus
1271 2847 1356 2902 huius

268 2935 337 2989 anni
348 2935 390 2990 ita
401 2934 476 3005 quod
488 2934 591 3004 singuli
605 2933 705 2988 horum
718 2936 844 3006 quinque
856 2935 1026 2989 vnanimiter
1037 2935 1215 2990 consentiant

196 3023 273 3077 ltcm
290 3021 451 3078 conceditur
467 3021 571 3076 Joanni
588 3021 699 3092 Wylmy
716 3028 748 3076 vt
765 3022 892 3077 studium
908 3021 1046 3076 sexdecim
1064 3039 1202 3076 annorum
1219 3023 1248 3076 in
1264 3040 1355 3094 gram·

271 3110 373 3165 matica
384 3116 413 3164 et
429 3109 518 3164 literis
531 3107 743 3164 humanioribus
755 3109 877 3164 sufficiat
889 3109 943 3163 sibi
959 3109 995 3164 ad
1012 3110 1203 3180 incipiendum
1215 3111 1245 3164 in
1257 3110 1354 3165 eadem

270 3198 403 3252 facultate
425 3197 467 3252 ita
490 3197 564 3269 quod
589 3198 650 3252 eius
673 3197 808 3252 admissio
828 3203 887 3253 stet
910 3198 951 3252 illi
972 3216 1022 3269 pro
1046 3199 1192 3270 completis
1215 3198 1303 3270 gradu
1327 3203 1356 3253 et

269 3285 358 3340 forma
373 3284 455 3339 modo
471 3285 563 3339 solvat
576 3285 757 3339 uniuersitati
775 3294 820 3338 xx·
836 3290 902 3340 ante
923 3286 984 3340 eius
1005 3286 1203 3341 admissionem
1225 3291 1255 3341 at
1273 3287 1355 3341 satis·

269 3373 355 3428 faciat
372 3373 512 3428 officiariis

198 3464 275 3518 Item
299 3461 462 3516 conceditur
485 3465 517 3515 vt
539 3461 661 3516 eruditio
684 3465 714 3516 ct
738 3478 829 3516 mores
849 3461 975 3516 eiusdem
1001 3462 1149 3533 approbari
1174 3461 1284 3534 possint
1307 3479 1357 3533 per

271 3549 419 3620 magistros
437 3549 570 3606 Grandall
589 3550 682 3606 Oooko
700 3553 730 3604 et
748 3549 925 3622 Pylkyngton

715 3821 890 3908 Chirurgia

202 3961 277 4014 Item
292 3959 455 4014 conoeditur
471 3959 599 4015 Gilberto
616 3959 739 4014 Frendes
751 3965 783 4014 vt
795 3959 922 4015 studium
935 3963 964 4015 et
980 3961 1104 4032 practica
1115 3979 1163 4015 sex
1175 3979 1314 4017 annorum
1328 3964 1358 4019 in

272 4051 333 4102 arte
356 4046 512 4117 chirurgica
532 4047 654 4102 sufficiat
672 4048 697 4102 ei
716 4045 752 4102 ad
771 4046 983 4118 practicandum
1002 4048 1031 4102 in
1049 4047 1146 4103 eadem
1162 4049 1297 4105 sacriltate
1317 4051 1359 4106 ita

272 4133 346 4205 quod
366 4135 427 4189 eius
445 4133 566 4190 eruditio
584 4140 615 4189 et
636 4153 726 4190 mores
744 4135 823 4206 prius
841 4135 1036 4190 examinentur
1053 4143 1082 4191 et
1100 4135 1291 4207 approbentur
1310 4156 1359 4210 per

271 4223 415 4278 doctorem
433 4221 547 4278 Wallrer
564 4223 701 4278 iuniorem
718 4229 749 4278 et
765 4223 908 4278 doctorem
928 4223 1029 4294 Blythe

200 4312 277 4366 Item
293 4309 456 4365 conceditur
469 4310 560 4365 cidem
576 4313 609 4365 vt
625 4315 690 4380 post
700 4312 761 4365 eius
773 4310 972 4366 admissionem
987 4313 1076 4382 possit
1088 4313 1190 4368 habere
1201 4313 1297 4370 literas
1309 4333 1359 4370 suc

272 4397 451 4477 admissionis
463 4397 625 4469 obsignatas
636 4402 729 4453 vestro
741 4398 831 4469 sigillo
843 4399 984 4454 communi

283 4529 366 4574 arv.
461 4599 467 4609 .
1261 4517 1276 4578 1
