3344 5110
174 341 341 425 1542-43]
606 359 835 408 calcaneos
859 360 881 409 a
1310 340 1328 408 7

238 528 350 567 crucem
366 511 447 568 Pauli
461 516 491 568 et
507 530 573 568 curn
590 530 645 568 vna
660 513 840 584 responsione
856 512 900 568 rel
914 512 1043 584 pluribus
1060 513 1084 568 si
1100 513 1247 585 exigantur
1262 517 1328 569 ante

240 600 386 654 commitia
398 600 526 671 proxime
538 599 660 655 sufficiat
671 601 697 654 ci
710 599 746 654 ad
759 600 956 672 opponendum
973 607 1003 655 et
1015 601 1179 657 intrandum
1197 602 1227 656 in
1242 601 1328 656 libros

237 689 442 744 sententiarum
462 690 502 744 sic
518 690 594 761 quod
611 688 782 745 admittatur
797 689 833 744 ad
849 689 1046 761 opponendum
1063 691 1136 745 infra
1153 690 1280 746 triduum
1298 694 1328 744 et

239 778 296 828 stet
308 790 453 845 opponens
462 793 550 846 vsquc
562 776 598 831 ad
611 776 718 830 festum
730 775 858 831 Barnabe
870 782 899 830 et
911 781 980 830 tunc
992 777 1080 831 intret
1091 776 1128 831 ad
1139 776 1275 848 placitum

170 859 243 914 ltem
261 862 425 917 comeditur
441 862 532 918 eidem
551 869 583 917 vt
601 863 692 934 possit
710 863 876 934 respondere
895 862 938 918 vel
959 863 1012 918 hoc
1032 880 1107 919 anno
1127 864 1153 918 si
1170 867 1264 934 potest
1282 863 1326 917 vel

239 951 365 1020 proximo
376 955 444 1005 ante
456 951 561 1006 festum
574 951 679 1005 Paschc
691 957 756 1022 post
768 951 829 1005 eius
838 949 1035 1006 admissionem
1045 949 1099 1005 sub
1107 967 1180 1022 pena
1188 950 1327 1005 cautionis

239 1036 277 1090 xl·
287 1037 318 1091 in
330 1037 462 1093 manibus
473 1043 686 1109 procuratorum
700 1042 766 1093 ante
778 1038 838 1092 eius
850 1035 1049 1092 admissionem
1060 1037 1188 1109 ponende

169 1123 243 1178 Imm
264 1126 428 1180 conceditur
447 1127 582 1198 magistro
603 1126 784 1182 Wansfortlic
805 1134 837 1181 vt
857 1127 984 1182 studium
1004 1130 1112 1199 septem
1133 1145 1271 1182 annorum
1295 1127 1325 1182 in

239 1212 379 1284 theologia
406 1219 557 1285 postquam
583 1215 686 1270 rexerit
710 1232 854 1270 unacum
879 1213 989 1269 duobus
1012 1215 1186 1270 sermonibus
1211 1233 1265 1270 vno
1288 1215 1325 1270 ad

240 1300 343 1355 clerum
365 1299 453 1356 altero
473 1302 509 1357 ad
533 1320 643 1357 crucem
665 1303 743 1357 Pauli
765 1303 886 1357 sufficiat
906 1302 932 1357 ei
951 1321 1002 1374 pro
1020 1303 1167 1374 completis
1187 1303 1275 1374 gradu
1295 1308 1325 1358 et

239 1389 329 1444 forma
353 1390 601 1446 bacchalaureatus
620 1392 650 1446 in
668 1391 767 1447 eadem
785 1392 920 1447 facultate
957 1393 1004 1446 lta
1024 1397 1119 1447 tamen
1140 1392 1215 1464 quod
1235 1393 1325 1464 possit

238 1478 351 1532 admitti
364 1485 444 1533 extra
457 1479 672 1534 uniuersitatem
683 1497 701 1533 a
710 1497 877 1550 quocunque
886 1480 998 1535 doctore
1007 1481 1051 1535 vel
1060 1479 1197 1551 theologie
1209 1480 1324 1536 baccha-

238 1566 332 1620 laureo
355 1585 406 1637 per
428 1567 574 1622 dominum
600 1568 857 1622 vicecancellarium
885 1577 915 1623 et
942 1572 1136 1639 procuratores
1163 1567 1324 1639 deputando
1399 1604 1405 1610 -

237 1653 298 1707 sinc
318 1654 347 1708 in
366 1655 487 1709 termino
504 1655 565 1709 siue
583 1663 663 1710 extra
687 1656 840 1710 terrninum
865 1655 948 1710 modo
966 1655 1060 1710 soluat
1076 1657 1255 1711 vmuersitati
1277 1656 1324 1728 iij¹¹

236 1748 302 1795 ante
314 1742 374 1795 eins
386 1741 583 1797 admissionem
596 1748 626 1797 et
637 1761 694 1797 non
706 1748 837 1798 teneatur
848 1742 885 1798 ad
898 1743 1057 1798 vlteriorem
1069 1743 1250 1798 residentiam

165 1829 241 1883 Item
256 1829 419 1884 conceditur
430 1831 565 1900 magistro
578 1831 696 1902 Georgia
709 1831 823 1885 Hunter
834 1835 867 1886 vt
878 1830 1005 1885 studium
1018 1836 1127 1907 septem
1143 1848 1281 1886 ennomm
1294 1832 1323 1887 in

237 1915 376 1987 theologia
393 1923 545 1988 postquam
564 1919 666 1973 rexerit
683 1935 748 1973 cum
767 1917 877 1972 duobus
894 1917 1071 1973 sermonibus
1089 1935 1144 1972 vno
1161 1918 1198 1973 ad
1218 1919 1323 1974 aleriam

237 2004 325 2059 altero
348 2004 384 2059 ad
408 2023 519 2060 crucem
543 2005 622 2060 Pauli
644 2014 675 2061 ct
698 2024 761 2060 cum
778 2007 870 2061 ¹unice
893 2006 1074 2077 responsione
1098 2006 1225 2076 proximo
1248 2023 1323 2062 anno

236 2095 365 2151 habenda
381 2094 434 2149 snb
451 2112 524 2166 pena
541 2095 729 2166 quadraginta
746 2095 898 2150 solidorum
913 2096 943 2149 in
962 2095 1093 2150 manibus
1111 2102 1323 2166 procuratorum

237 2182 428 2253 ponendorum
453 2187 521 2236 ante
545 2182 606 2237 cius
631 2182 831 2237 admissionem
852 2181 975 2236 sufficiat
1004 2182 1030 2236 ei
1060 2182 1097 2236 ad
1125 2183 1322 2254 opponendum

238 2272 268 2326 in
286 2270 426 2341 theologia
444 2275 474 2324 et
492 2270 657 2326 intrandum
674 2271 703 2325 in
718 2270 805 2326 libros
821 2271 1028 2326 sententiarum
1063 2270 1110 2325 Sic
1126 2270 1201 2341 quod
1220 2271 1322 2326 admit-

238 2365 318 2415 tetur
348 2359 384 2414 ad
408 2359 606 2430 opponendum
631 2365 661 2414 et
688 2359 853 2415 intrandum
881 2365 910 2414 et
936 2360 1023 2414 intret
1047 2359 1082 2414 ad
1110 2359 1246 2432 placitum
1266 2377 1322 2414 non

238 2449 369 2504 obstante
388 2451 499 2502 statuto

165 2537 241 2591 Item
260 2535 422 2591 conceditur
442 2535 574 2590 omnibus
593 2535 801 2591 bacchalaureis
822 2537 1021 2608 suprascriptis
1040 2543 1072 2591 vt
1093 2537 1174 2592 vnica
1191 2536 1274 2592 lectio
1292 2538 1321 2592 in

235 2623 321 2678 libros
344 2623 550 2677 sententiarum
574 2623 696 2678 sufficiat
719 2625 760 2678 cis
784 2641 835 2695 pro
858 2624 998 2694 completa
1021 2623 1112 2679 forma
1139 2623 1268 2679 lectionis
1292 2626 1321 2680 in

235 2713 351 2768 eiisdem
369 2717 398 2768 et
417 2731 472 2767 non
491 2717 643 2768 teneantur
660 2712 697 2768 ad
715 2713 875 2768 vlteriorem
887 2712 1069 2768 residentiam

163 2803 238 2857 item
262 2819 424 2856 muccosum
448 2806 493 2856 eet
514 2807 547 2855 vt
570 2802 704 2872 memster
727 2803 889 2874 Stephanus
909 2802 1035 2856 Feronde
1054 2801 1211 2856 concionari
1232 2803 1321 2873 possit

233 2887 269 2943 ad
287 2887 422 2960 populum
447 2893 524 2943 teoto
543 2888 635 2960 capite
671 2906 728 2944 non
747 2887 880 2945 obstante
898 2893 1009 2944 statuto

550 3227 709 3293 Doctores
730 3228 765 3293 in
790 3228 951 3294 medicina
1331 3219 1352 3282 f.
1370 3219 1418 3276 3b

162 3416 198 3471 In
213 3416 313 3487 primis
328 3416 491 3471 conceditur
504 3415 608 3470 loanni
626 3414 729 3487 Blythe
749 3415 779 3470 in
797 3414 945 3470 medicinis
960 3413 1067 3469 doctori
1087 3413 1214 3470 Ferraria
1231 3420 1264 3470 vt
1281 3416 1320 3470 sit

232 3504 280 3559 hic
300 3504 377 3575 apud
401 3522 450 3559 vos
473 3504 503 3558 in
526 3503 624 3558 eodem
647 3503 736 3574 modu
758 3521 816 3574 qno
836 3503 930 3558 fuerat
951 3501 1056 3558 ibidem
1077 3503 1118 3557 ita
1140 3503 1217 3573 quod
1238 3504 1319 3558 litere

233 3592 336 3664 madiis
347 3593 425 3664 prins
437 3609 531 3647 coram
543 3590 624 3646 vobis
636 3591 765 3662 legantur

162 3683 238 3737 Item
259 3680 421 3735 conceditur
438 3680 543 3735 loanni
562 3679 690 3735 Hatcher
707 3685 739 3734 vt
756 3679 883 3734 studium
901 3697 950 3734 sex
969 3695 1106 3734 annorum
1125 3679 1154 3734 in
1173 3679 1319 3735 medicinis

232 3771 383 3837 postquam
396 3766 499 3821 rexerit
506 3765 628 3820 sufficiet
640 3764 665 3819 ei
677 3765 713 3820 ad
726 3764 916 3836 incipiendum
930 3765 960 3819 in
971 3763 1076 3819 eisdem

161 3855 236 3910 Item
255 3853 418 3908 conceditur
435 3853 580 3924 Stephano
596 3852 710 3923 (lasiegs
726 3853 832 3908 artium
847 3851 995 3924 professori
1012 3851 1128 3907 Oxoniis
1144 3858 1177 3906 vt
1191 3853 1317 3908 studium

234 3945 267 3996 12
279 3958 417 3995 annorum
429 3941 458 3994 in
471 3959 501 3996 re
511 3940 619 3995 medica
631 3941 660 3994 in
673 3940 777 4011 quibus
789 3940 898 4012 praxim
911 3940 1035 3994 exercuit
1046 3956 1097 4011 per
1107 3944 1215 4009 septem
1228 3957 1317 3996 annos

232 4029 355 4084 sufficiat
365 4029 390 4082 ei
403 4028 440 4083 ad
452 4028 644 4099 incipiendum
656 4030 685 4082 in
698 4027 795 4083 eadem
808 4027 942 4082 facultate
