<?xml version="1.0" encoding="UTF-8"?>
<!DOCTYPE html PUBLIC "-//W3C//DTD XHTML 1.0 Transitional//EN"
    "http://www.w3.org/TR/xhtml1/DTD/xhtml1-transitional.dtd">
<html xmlns="http://www.w3.org/1999/xhtml" xml:lang="en" lang="en">
 <head>
  <title>
</title>
<meta http-equiv="Content-Type" content="text/html;charset=utf-8" />
  <meta name='ocr-system' content='tesseract 3.04.00' />
  <meta name='ocr-capabilities' content='ocr_page ocr_carea ocr_par ocr_line ocrx_word'/>
</head>
<body>
  <div class='ocr_page' id='page_1' title='image "./gracebookgreekl00venngoog_0143.png"; bbox 0 0 3376 5108; ppageno 0'>
   <div class='ocr_carea' id='block_1_1' title="bbox 335 355 1495 440">
    <p class='ocr_par' dir='ltr' id='par_1_1' title="bbox 335 355 1495 440">
     <span class='ocr_line' id='line_1_1' title="bbox 335 355 1495 440; baseline -0.003 -17"><span class='ocrx_word' id='word_1_1' title='bbox 335 361 399 424; x_wconf 89' lang='grc'><strong>110</strong></span> <span class='ocrx_word' id='word_1_2' title='bbox 770 373 884 424; x_wconf 73' lang='lat' dir='ltr'><strong>esron</strong></span> <span class='ocrx_word' id='word_1_3' title='bbox 906 373 1001 424; x_wconf 78' lang='lat' dir='ltr'><strong>noos</strong></span> <span class='ocrx_word' id='word_1_4' title='bbox 1024 374 1046 421; x_wconf 80' lang='grc' dir='ltr'>Δ</span> <span class='ocrx_word' id='word_1_5' title='bbox 1327 355 1495 440; x_wconf 78' lang='grc'><strong>[1155-56</strong></span> 
     </span>
    </p>
   </div>
   <div class='ocr_carea' id='block_1_2' title="bbox 210 524 1495 3428">
    <p class='ocr_par' dir='ltr' id='par_1_2' title="bbox 334 524 1495 866">
     <span class='ocr_line' id='line_1_2' title="bbox 334 524 1495 596; baseline -0.005 -11"><span class='ocrx_word' id='word_1_6' title='bbox 334 530 408 585; x_wconf 81' lang='lat' dir='ltr'><strong>Item</strong></span> <span class='ocrx_word' id='word_1_7' title='bbox 428 530 591 586; x_wconf 76' lang='lat' dir='ltr'><strong>conceditur</strong></span> <span class='ocrx_word' id='word_1_8' title='bbox 610 530 715 586; x_wconf 85' lang='lat' dir='ltr'><strong>Josnni</strong></span> <span class='ocrx_word' id='word_1_9' title='bbox 739 530 875 585; x_wconf 82' lang='lat' dir='ltr'><strong>Madocke</strong></span> <span class='ocrx_word' id='word_1_10' title='bbox 895 533 927 584; x_wconf 89' lang='lat' dir='ltr'><strong>vt</strong></span> <span class='ocrx_word' id='word_1_11' title='bbox 946 533 964 586; x_wconf 90' lang='grc'>9</span> <span class='ocrx_word' id='word_1_12' title='bbox 983 527 1097 584; x_wconf 74' lang='lat' dir='ltr'><strong>tormini</strong></span> <span class='ocrx_word' id='word_1_13' title='bbox 1116 544 1181 581; x_wconf 89' lang='lat' dir='ltr'><strong>cum</strong></span> <span class='ocrx_word' id='word_1_14' title='bbox 1201 527 1322 582; x_wconf 85' lang='lat' dir='ltr'><strong>termino</strong></span> <span class='ocrx_word' id='word_1_15' title='bbox 1340 527 1371 580; x_wconf 91' lang='lat' dir='ltr'><strong>in</strong></span> <span class='ocrx_word' id='word_1_16' title='bbox 1390 543 1446 596; x_wconf 92' lang='lat' dir='ltr'><strong>quo</strong></span> <span class='ocrx_word' id='word_1_17' title='bbox 1466 524 1495 579; x_wconf 92' lang='lat' dir='ltr'><strong>in</strong></span> 
     </span>
     <span class='ocr_line' id='line_1_3' title="bbox 404 613 1494 689; baseline -0.005 -16"><span class='ocrx_word' id='word_1_18' title='bbox 404 616 508 689; x_wconf 89' lang='lat' dir='ltr'><strong>quibus</strong></span> <span class='ocrx_word' id='word_1_19' title='bbox 537 617 671 673; x_wconf 91' lang='lat' dir='ltr'><strong>lectiones</strong></span> <span class='ocrx_word' id='word_1_20' title='bbox 700 616 857 672; x_wconf 85' lang='lat' dir='ltr'><strong>ordinarios</strong></span> <span class='ocrx_word' id='word_1_21' title='bbox 887 616 998 671; x_wconf 80' lang='lat' dir='ltr'><strong>audiuit</strong></span> <span class='ocrx_word' id='word_1_22' title='bbox 1027 615 1094 670; x_wconf 88' lang='lat' dir='ltr'><strong>licet</strong></span> <span class='ocrx_word' id='word_1_23' title='bbox 1121 631 1177 668; x_wconf 92' lang='lat' dir='ltr'><strong>non</strong></span> <span class='ocrx_word' id='word_1_24' title='bbox 1202 613 1317 668; x_wconf 91' lang='lat' dir='ltr'><strong>omnino</strong></span> <span class='ocrx_word' id='word_1_25' title='bbox 1340 613 1494 668; x_wconf 89' lang='lat' dir='ltr'><strong>secundum</strong></span> 
     </span>
     <span class='ocr_line' id='line_1_4' title="bbox 404 700 1494 777; baseline -0.004 -17"><span class='ocrx_word' id='word_1_26' title='bbox 404 705 523 761; x_wconf 77' lang='lat' dir='ltr'><strong>formam</strong></span> <span class='ocrx_word' id='word_1_27' title='bbox 541 705 644 760; x_wconf 83' lang='lat' dir='ltr'><strong>statuti</strong></span> <span class='ocrx_word' id='word_1_28' title='bbox 662 722 728 760; x_wconf 91' lang='lat' dir='ltr'><strong>cum</strong></span> <span class='ocrx_word' id='word_1_29' title='bbox 744 703 969 777; x_wconf 87' lang='lat' dir='ltr'><strong>oppositionibus</strong></span> <span class='ocrx_word' id='word_1_30' title='bbox 985 709 1015 759; x_wconf 95' lang='lat' dir='ltr'><strong>et</strong></span> <span class='ocrx_word' id='word_1_31' title='bbox 1031 701 1260 775; x_wconf 82' lang='lat' dir='ltr'><strong>responsionibus</strong></span> <span class='ocrx_word' id='word_1_32' title='bbox 1276 701 1420 773; x_wconf 72' lang='lat' dir='ltr'><strong>requisitis</strong></span> <span class='ocrx_word' id='word_1_33' title='bbox 1437 700 1494 756; x_wconf 82' lang='lat' dir='ltr'><strong>suf·</strong></span> 
     </span>
     <span class='ocr_line' id='line_1_5' title="bbox 404 791 1001 866; baseline -0.005 -17"><span class='ocrx_word' id='word_1_34' title='bbox 404 793 501 849; x_wconf 85' lang='lat' dir='ltr'><strong>ficient</strong></span> <span class='ocrx_word' id='word_1_35' title='bbox 517 795 543 849; x_wconf 92' lang='lat' dir='ltr'><strong>ei</strong></span> <span class='ocrx_word' id='word_1_36' title='bbox 561 793 598 848; x_wconf 91' lang='lat' dir='ltr'><strong>ad</strong></span> <span class='ocrx_word' id='word_1_37' title='bbox 616 791 842 866; x_wconf 89' lang='lat' dir='ltr'><strong>respondendum</strong></span> <span class='ocrx_word' id='word_1_38' title='bbox 860 792 1001 864; x_wconf 87' lang='lat' dir='ltr'><strong>questioni</strong></span> 
     </span>
    </p>

    <p class='ocr_par' dir='ltr' id='par_1_3' title="bbox 334 879 1493 1220">
     <span class='ocr_line' id='line_1_6' title="bbox 334 879 1493 954; baseline -0.006 -15"><span class='ocrx_word' id='word_1_39' title='bbox 334 883 409 939; x_wconf 87' lang='lat' dir='ltr'><strong>Item</strong></span> <span class='ocrx_word' id='word_1_40' title='bbox 428 884 590 939; x_wconf 85' lang='lat' dir='ltr'><strong>conceditur</strong></span> <span class='ocrx_word' id='word_1_41' title='bbox 606 883 697 939; x_wconf 90' lang='lat' dir='ltr'><strong>eidem</strong></span> <span class='ocrx_word' id='word_1_42' title='bbox 714 882 850 954; x_wconf 74' lang='lat' dir='ltr'>superiori</span> <span class='ocrx_word' id='word_1_43' title='bbox 868 881 915 937; x_wconf 84' lang='lat' dir='ltr'><strong>die</strong></span> <span class='ocrx_word' id='word_1_44' title='bbox 932 881 1056 937; x_wconf 89' lang='lat' dir='ltr'><strong>admisso</strong></span> <span class='ocrx_word' id='word_1_45' title='bbox 1074 885 1107 936; x_wconf 85' lang='lat' dir='ltr'><strong>vt</strong></span> <span class='ocrx_word' id='word_1_46' title='bbox 1125 881 1182 936; x_wconf 91' lang='lat' dir='ltr'><strong>iam</strong></span> <span class='ocrx_word' id='word_1_47' title='bbox 1200 879 1379 935; x_wconf 88' lang='lat' dir='ltr'><strong>examinatus</strong></span> <span class='ocrx_word' id='word_1_48' title='bbox 1397 883 1426 936; x_wconf 90' lang='lat' dir='ltr'><strong>et</strong></span> <span class='ocrx_word' id='word_1_49' title='bbox 1444 896 1493 950; x_wconf 91' lang='lat' dir='ltr'><strong>ap·</strong></span> 
     </span>
     <span class='ocr_line' id='line_1_7' title="bbox 403 969 1491 1044; baseline -0.006 -16"><span class='ocrx_word' id='word_1_50' title='bbox 403 971 539 1044; x_wconf 85' lang='lat' dir='ltr'><strong>probatus</strong></span> <span class='ocrx_word' id='word_1_51' title='bbox 562 971 598 1027; x_wconf 84' lang='lat' dir='ltr'><strong>sb</strong></span> <span class='ocrx_word' id='word_1_52' title='bbox 622 971 830 1044; x_wconf 83' lang='lat' dir='ltr'><strong>oppositoribus</strong></span> <span class='ocrx_word' id='word_1_53' title='bbox 848 971 950 1026; x_wconf 85' lang='lat' dir='ltr'><strong>vestris</strong></span> <span class='ocrx_word' id='word_1_54' title='bbox 972 971 1062 1042; x_wconf 85' lang='lat' dir='ltr'><strong>possit</strong></span> <span class='ocrx_word' id='word_1_55' title='bbox 1082 970 1205 1025; x_wconf 86' lang='lat' dir='ltr'><strong>finaliter</strong></span> <span class='ocrx_word' id='word_1_56' title='bbox 1222 969 1409 1024; x_wconf 85' lang='lat' dir='ltr'><strong>determinare</strong></span> <span class='ocrx_word' id='word_1_57' title='bbox 1427 985 1491 1022; x_wconf 89' lang='lat' dir='ltr'><strong>cum</strong></span> 
     </span>
     <span class='ocr_line' id='line_1_8' title="bbox 403 1056 1491 1128; baseline -0.006 -12"><span class='ocrx_word' id='word_1_58' title='bbox 403 1060 503 1116; x_wconf 85' lang='lat' dir='ltr'><strong>ceteris</strong></span> <span class='ocrx_word' id='word_1_59' title='bbox 521 1060 604 1116; x_wconf 90' lang='lat' dir='ltr'><strong>huius</strong></span> <span class='ocrx_word' id='word_1_60' title='bbox 622 1060 690 1115; x_wconf 88' lang='lat' dir='ltr'><strong>anni</strong></span> <span class='ocrx_word' id='word_1_61' title='bbox 708 1058 917 1114; x_wconf 86' lang='lat' dir='ltr'><strong>bacchslsureis</strong></span> <span class='ocrx_word' id='word_1_62' title='bbox 955 1059 996 1113; x_wconf 92' lang='lat' dir='ltr'><strong>sic</strong></span> <span class='ocrx_word' id='word_1_63' title='bbox 1015 1057 1090 1128; x_wconf 91' lang='lat' dir='ltr'><strong>quod</strong></span> <span class='ocrx_word' id='word_1_64' title='bbox 1108 1060 1166 1111; x_wconf 87' lang='lat' dir='ltr'><strong>stet</strong></span> <span class='ocrx_word' id='word_1_65' title='bbox 1185 1074 1236 1128; x_wconf 86' lang='lat' dir='ltr'><strong>per</strong></span> <span class='ocrx_word' id='word_1_66' title='bbox 1254 1059 1345 1111; x_wconf 91' lang='lat' dir='ltr'><strong>totam</strong></span> <span class='ocrx_word' id='word_1_67' title='bbox 1365 1056 1491 1110; x_wconf 80' lang='lat' dir='ltr'><strong>futuram</strong></span> 
     </span>
     <span class='ocr_line' id='line_1_9' title="bbox 403 1145 1279 1220; baseline -0.003 -17"><span class='ocrx_word' id='word_1_68' title='bbox 403 1147 645 1220; x_wconf 76' lang='lat' dir='ltr'><strong>quadragesimam</strong></span> <span class='ocrx_word' id='word_1_69' title='bbox 657 1152 687 1204; x_wconf 89' lang='lat' dir='ltr'><strong>et</strong></span> <span class='ocrx_word' id='word_1_70' title='bbox 699 1155 792 1203; x_wconf 81' lang='lat' dir='ltr'><strong>cetero</strong></span> <span class='ocrx_word' id='word_1_71' title='bbox 804 1151 940 1219; x_wconf 76' lang='lat' dir='ltr'><strong>peragant</strong></span> <span class='ocrx_word' id='word_1_72' title='bbox 953 1147 1032 1201; x_wconf 80' lang='lat' dir='ltr'><strong>iuxta</strong></span> <span class='ocrx_word' id='word_1_73' title='bbox 1044 1146 1163 1201; x_wconf 85' lang='lat' dir='ltr'><strong>sormam</strong></span> <span class='ocrx_word' id='word_1_74' title='bbox 1176 1145 1279 1201; x_wconf 86' lang='lat' dir='ltr'><strong>ststuti</strong></span> 
     </span>
    </p>

    <p class='ocr_par' dir='ltr' id='par_1_4' title="bbox 334 1230 1493 1573">
     <span class='ocr_line' id='line_1_10' title="bbox 334 1230 1493 1308; baseline -0.003 -18"><span class='ocrx_word' id='word_1_75' title='bbox 334 1235 410 1291; x_wconf 89' lang='lat' dir='ltr'><strong>ltem</strong></span> <span class='ocrx_word' id='word_1_76' title='bbox 425 1235 586 1292; x_wconf 74' lang='lat' dir='ltr'><strong>conceditur</strong></span> <span class='ocrx_word' id='word_1_77' title='bbox 603 1235 721 1308; x_wconf 83' lang='lat' dir='ltr'><strong>Georgio</strong></span> <span class='ocrx_word' id='word_1_78' title='bbox 737 1234 882 1307; x_wconf 86' lang='lat' dir='ltr'><strong>Asplande</strong></span> <span class='ocrx_word' id='word_1_79' title='bbox 896 1239 929 1288; x_wconf 90' lang='lat' dir='ltr'><strong>vt</strong></span> <span class='ocrx_word' id='word_1_80' title='bbox 944 1233 1040 1288; x_wconf 86' lang='lat' dir='ltr'><strong>decem</strong></span> <span class='ocrx_word' id='word_1_81' title='bbox 1058 1232 1174 1288; x_wconf 76' lang='lat' dir='ltr'><strong>termini</strong></span> <span class='ocrx_word' id='word_1_82' title='bbox 1192 1233 1222 1287; x_wconf 89' lang='lat' dir='ltr'><strong>in</strong></span> <span class='ocrx_word' id='word_1_83' title='bbox 1238 1231 1343 1304; x_wconf 90' lang='lat' dir='ltr'><strong>quibus</strong></span> <span class='ocrx_word' id='word_1_84' title='bbox 1360 1230 1493 1286; x_wconf 86' lang='lat' dir='ltr'><strong>lectiones</strong></span> 
     </span>
     <span class='ocr_line' id='line_1_11' title="bbox 404 1319 1493 1380; baseline -0.005 -1"><span class='ocrx_word' id='word_1_85' title='bbox 404 1323 559 1379; x_wconf 89' lang='lat' dir='ltr'><strong>ordinarias</strong></span> <span class='ocrx_word' id='word_1_86' title='bbox 577 1324 688 1380; x_wconf 83' lang='lat' dir='ltr'><strong>audiuit</strong></span> <span class='ocrx_word' id='word_1_87' title='bbox 705 1323 772 1379; x_wconf 92' lang='lat' dir='ltr'><strong>licet</strong></span> <span class='ocrx_word' id='word_1_88' title='bbox 790 1341 846 1379; x_wconf 90' lang='lat' dir='ltr'><strong>non</strong></span> <span class='ocrx_word' id='word_1_89' title='bbox 865 1322 981 1378; x_wconf 90' lang='lat' dir='ltr'><strong>omuino</strong></span> <span class='ocrx_word' id='word_1_90' title='bbox 999 1319 1155 1376; x_wconf 88' lang='lat' dir='ltr'><strong>secundum</strong></span> <span class='ocrx_word' id='word_1_91' title='bbox 1171 1320 1291 1376; x_wconf 79' lang='lat' dir='ltr'><strong>formem</strong></span> <span class='ocrx_word' id='word_1_92' title='bbox 1307 1321 1409 1376; x_wconf 86' lang='lat' dir='ltr'><strong>statuti</strong></span> <span class='ocrx_word' id='word_1_93' title='bbox 1427 1337 1493 1375; x_wconf 91' lang='lat' dir='ltr'><strong>cum</strong></span> 
     </span>
     <span class='ocr_line' id='line_1_12' title="bbox 403 1408 1492 1485; baseline -0.005 -17"><span class='ocrx_word' id='word_1_94' title='bbox 403 1411 627 1484; x_wconf 88' lang='lat' dir='ltr'><strong>oppositionibus</strong></span> <span class='ocrx_word' id='word_1_95' title='bbox 645 1417 675 1468; x_wconf 93' lang='lat' dir='ltr'><strong>et</strong></span> <span class='ocrx_word' id='word_1_96' title='bbox 695 1411 924 1485; x_wconf 75' lang='lat' dir='ltr'><strong>responsionibus</strong></span> <span class='ocrx_word' id='word_1_97' title='bbox 945 1409 1091 1482; x_wconf 78' lang='lat' dir='ltr'><strong>requisitis</strong></span> <span class='ocrx_word' id='word_1_98' title='bbox 1111 1409 1253 1465; x_wconf 82' lang='lat' dir='ltr'><strong>sufficiunt</strong></span> <span class='ocrx_word' id='word_1_99' title='bbox 1274 1410 1300 1465; x_wconf 89' lang='lat' dir='ltr'><strong>ei</strong></span> <span class='ocrx_word' id='word_1_100' title='bbox 1321 1408 1358 1465; x_wconf 83' lang='lat' dir='ltr'><strong>ad</strong></span> <span class='ocrx_word' id='word_1_101' title='bbox 1378 1425 1492 1480; x_wconf 88' lang='lat' dir='ltr'><strong>respon-</strong></span> 
     </span>
     <span class='ocr_line' id='line_1_13' title="bbox 404 1501 687 1573; baseline -0.007 -15"><span class='ocrx_word' id='word_1_102' title='bbox 404 1501 527 1558; x_wconf 90' lang='lat' dir='ltr'><strong>dendum</strong></span> <span class='ocrx_word' id='word_1_103' title='bbox 544 1501 687 1573; x_wconf 88' lang='lat' dir='ltr'><strong>questioni</strong></span> 
     </span>
    </p>

    <p class='ocr_par' dir='ltr' id='par_1_5' title="bbox 210 1584 1492 2176">
     <span class='ocr_line' id='line_1_14' title="bbox 210 1584 1492 1658; baseline -0.005 -11"><span class='ocrx_word' id='word_1_104' title='bbox 210 1588 230 1648; x_wconf 82' lang='grc'><strong>1.</strong></span> <span class='ocrx_word' id='word_1_105' title='bbox 248 1587 285 1647; x_wconf 89' lang='grc'><strong>43</strong></span> <span class='ocrx_word' id='word_1_106' title='bbox 300 1587 320 1646; x_wconf 93' lang='lat' dir='ltr'><strong>b</strong></span> <span class='ocrx_word' id='word_1_107' title='bbox 334 1591 408 1646; x_wconf 87' lang='lat' dir='ltr'><strong>Item</strong></span> <span class='ocrx_word' id='word_1_108' title='bbox 426 1589 589 1646; x_wconf 88' lang='lat' dir='ltr'><strong>conceditur</strong></span> <span class='ocrx_word' id='word_1_109' title='bbox 606 1590 754 1646; x_wconf 84' lang='lat' dir='ltr'><strong>Francisoo</strong></span> <span class='ocrx_word' id='word_1_110' title='bbox 773 1588 929 1658; x_wconf 83' lang='lat' dir='ltr'><strong>Doringtou</strong></span> <span class='ocrx_word' id='word_1_111' title='bbox 947 1591 980 1643; x_wconf 84' lang='lat' dir='ltr'><strong>vt</strong></span> <span class='ocrx_word' id='word_1_112' title='bbox 1002 1591 1035 1642; x_wconf 99' lang='grc'><strong>12</strong></span> <span class='ocrx_word' id='word_1_113' title='bbox 1053 1586 1169 1642; x_wconf 87' lang='lat' dir='ltr'><strong>termini</strong></span> <span class='ocrx_word' id='word_1_114' title='bbox 1187 1587 1217 1642; x_wconf 93' lang='lat' dir='ltr'><strong>in</strong></span> <span class='ocrx_word' id='word_1_115' title='bbox 1235 1585 1339 1658; x_wconf 89' lang='lat' dir='ltr'><strong>quibus</strong></span> <span class='ocrx_word' id='word_1_116' title='bbox 1356 1584 1492 1641; x_wconf 90' lang='lat' dir='ltr'><strong>lectiones</strong></span> 
     </span>
     <span class='ocr_line' id='line_1_15' title="bbox 404 1674 1490 1734; baseline -0.005 -1"><span class='ocrx_word' id='word_1_117' title='bbox 404 1678 559 1734; x_wconf 85' lang='lat' dir='ltr'><strong>ordinaries</strong></span> <span class='ocrx_word' id='word_1_118' title='bbox 576 1677 688 1733; x_wconf 90' lang='lat' dir='ltr'><strong>audiuit</strong></span> <span class='ocrx_word' id='word_1_119' title='bbox 705 1677 772 1732; x_wconf 90' lang='lat' dir='ltr'><strong>licet</strong></span> <span class='ocrx_word' id='word_1_120' title='bbox 789 1695 845 1731; x_wconf 89' lang='lat' dir='ltr'><strong>non</strong></span> <span class='ocrx_word' id='word_1_121' title='bbox 864 1676 978 1731; x_wconf 88' lang='lat' dir='ltr'><strong>omnino</strong></span> <span class='ocrx_word' id='word_1_122' title='bbox 996 1675 1152 1731; x_wconf 89' lang='lat' dir='ltr'><strong>secundum</strong></span> <span class='ocrx_word' id='word_1_123' title='bbox 1170 1675 1288 1730; x_wconf 81' lang='lat' dir='ltr'><strong>formem</strong></span> <span class='ocrx_word' id='word_1_124' title='bbox 1305 1674 1408 1729; x_wconf 88' lang='lat' dir='ltr'><strong>statuti</strong></span> <span class='ocrx_word' id='word_1_125' title='bbox 1425 1691 1490 1728; x_wconf 91' lang='lat' dir='ltr'><strong>oum</strong></span> 
     </span>
     <span class='ocr_line' id='line_1_16' title="bbox 404 1761 1489 1838; baseline -0.005 -17"><span class='ocrx_word' id='word_1_126' title='bbox 404 1765 628 1838; x_wconf 88' lang='lat' dir='ltr'><strong>oppositionibus</strong></span> <span class='ocrx_word' id='word_1_127' title='bbox 653 1764 798 1836; x_wconf 83' lang='lat' dir='ltr'><strong>requisitis</strong></span> <span class='ocrx_word' id='word_1_128' title='bbox 822 1763 964 1818; x_wconf 81' lang='lat' dir='ltr'><strong>sufficient</strong></span> <span class='ocrx_word' id='word_1_129' title='bbox 988 1763 1013 1819; x_wconf 90' lang='lat' dir='ltr'><strong>ei</strong></span> <span class='ocrx_word' id='word_1_130' title='bbox 1038 1762 1075 1818; x_wconf 83' lang='lat' dir='ltr'><strong>sd</strong></span> <span class='ocrx_word' id='word_1_131' title='bbox 1099 1763 1221 1818; x_wconf 86' lang='lat' dir='ltr'><strong>finaliter</strong></span> <span class='ocrx_word' id='word_1_132' title='bbox 1244 1761 1489 1818; x_wconf 86' lang='lat' dir='ltr'><strong>determinandum</strong></span> 
     </span>
     <span class='ocr_line' id='line_1_17' title="bbox 404 1851 1490 1910; baseline -0.004 0"><span class='ocrx_word' id='word_1_133' title='bbox 404 1873 469 1910; x_wconf 91' lang='lat' dir='ltr'><strong>cum</strong></span> <span class='ocrx_word' id='word_1_134' title='bbox 488 1855 589 1910; x_wconf 89' lang='lat' dir='ltr'><strong>ceteris</strong></span> <span class='ocrx_word' id='word_1_135' title='bbox 607 1855 692 1909; x_wconf 89' lang='lat' dir='ltr'><strong>huius</strong></span> <span class='ocrx_word' id='word_1_136' title='bbox 712 1854 780 1908; x_wconf 88' lang='lat' dir='ltr'><strong>anui</strong></span> <span class='ocrx_word' id='word_1_137' title='bbox 801 1852 1010 1908; x_wconf 87' lang='lat' dir='ltr'><strong>bacchalsureis</strong></span> <span class='ocrx_word' id='word_1_138' title='bbox 1054 1853 1100 1908; x_wconf 86' lang='lat' dir='ltr'><strong>Sic</strong></span> <span class='ocrx_word' id='word_1_139' title='bbox 1121 1858 1216 1908; x_wconf 88' lang='lat' dir='ltr'><strong>tamen</strong></span> <span class='ocrx_word' id='word_1_140' title='bbox 1237 1857 1268 1906; x_wconf 84' lang='lat' dir='ltr'><strong>rt</strong></span> <span class='ocrx_word' id='word_1_141' title='bbox 1288 1853 1349 1907; x_wconf 89' lang='lat' dir='ltr'><strong>eius</strong></span> <span class='ocrx_word' id='word_1_142' title='bbox 1369 1851 1490 1906; x_wconf 85' lang='lat' dir='ltr'><strong>eruditio</strong></span> 
     </span>
     <span class='ocr_line' id='line_1_18' title="bbox 405 1939 1488 2013; baseline -0.004 -16"><span class='ocrx_word' id='word_1_143' title='bbox 405 1943 580 1998; x_wconf 80' lang='lat' dir='ltr'><strong>examinetur</strong></span> <span class='ocrx_word' id='word_1_144' title='bbox 602 1946 633 1996; x_wconf 91' lang='lat' dir='ltr'><strong>et</strong></span> <span class='ocrx_word' id='word_1_145' title='bbox 653 1941 824 2013; x_wconf 81' lang='lat' dir='ltr'><strong>approbetur</strong></span> <span class='ocrx_word' id='word_1_146' title='bbox 843 1957 893 2012; x_wconf 90' lang='lat' dir='ltr'><strong>por</strong></span> <span class='ocrx_word' id='word_1_147' title='bbox 911 1941 1086 2012; x_wconf 85' lang='lat' dir='ltr'><strong>oppositores</strong></span> <span class='ocrx_word' id='word_1_148' title='bbox 1105 1939 1189 1995; x_wconf 90' lang='lat' dir='ltr'><strong>huius</strong></span> <span class='ocrx_word' id='word_1_149' title='bbox 1209 1940 1276 1994; x_wconf 83' lang='lat' dir='ltr'><strong>enni</strong></span> <span class='ocrx_word' id='word_1_150' title='bbox 1292 1943 1327 1994; x_wconf 91' lang='lat' dir='ltr'><strong>et</strong></span> <span class='ocrx_word' id='word_1_151' title='bbox 1346 1942 1403 1994; x_wconf 92' lang='lat' dir='ltr'><strong>stet</strong></span> <span class='ocrx_word' id='word_1_152' title='bbox 1423 1955 1488 1994; x_wconf 90' lang='lat' dir='ltr'><strong>cum</strong></span> 
     </span>
     <span class='ocr_line' id='line_1_19' title="bbox 404 2029 1491 2101; baseline -0.004 -14"><span class='ocrx_word' id='word_1_153' title='bbox 404 2031 504 2087; x_wconf 83' lang='lat' dir='ltr'><strong>ceteris</strong></span> <span class='ocrx_word' id='word_1_154' title='bbox 525 2029 720 2101; x_wconf 88' lang='lat' dir='ltr'><strong>questionistis</strong></span> <span class='ocrx_word' id='word_1_155' title='bbox 744 2030 774 2085; x_wconf 93' lang='lat' dir='ltr'><strong>in</strong></span> <span class='ocrx_word' id='word_1_156' title='bbox 799 2029 851 2085; x_wconf 86' lang='lat' dir='ltr'><strong>hec</strong></span> <span class='ocrx_word' id='word_1_157' title='bbox 871 2029 1085 2101; x_wconf 79' lang='lat' dir='ltr'><strong>quadragesima</strong></span> <span class='ocrx_word' id='word_1_158' title='bbox 1106 2035 1136 2084; x_wconf 95' lang='lat' dir='ltr'><strong>et</strong></span> <span class='ocrx_word' id='word_1_159' title='bbox 1157 2033 1250 2084; x_wconf 88' lang='lat' dir='ltr'><strong>cetera</strong></span> <span class='ocrx_word' id='word_1_160' title='bbox 1273 2033 1388 2100; x_wconf 79' lang='lat' dir='ltr'><strong>peragat</strong></span> <span class='ocrx_word' id='word_1_161' title='bbox 1411 2029 1491 2084; x_wconf 82' lang='lat' dir='ltr'><strong>iuxta</strong></span> 
     </span>
     <span class='ocr_line' id='line_1_20' title="bbox 404 2120 713 2176; baseline -0.003 -1"><span class='ocrx_word' id='word_1_162' title='bbox 404 2120 523 2176; x_wconf 82' lang='lat' dir='ltr'><strong>formam</strong></span> <span class='ocrx_word' id='word_1_163' title='bbox 540 2123 713 2174; x_wconf 87' lang='lat' dir='ltr'><strong>statutorum</strong></span> 
     </span>
    </p>

    <p class='ocr_par' dir='ltr' id='par_1_6' title="bbox 334 2205 1492 2368">
     <span class='ocr_line' id='line_1_21' title="bbox 334 2205 1492 2280; baseline -0.005 -15"><span class='ocrx_word' id='word_1_164' title='bbox 334 2209 440 2265; x_wconf 80' lang='lat' dir='ltr'><strong>Eadem</strong></span> <span class='ocrx_word' id='word_1_165' title='bbox 464 2209 554 2280; x_wconf 81' lang='lat' dir='ltr'><strong>gretie</strong></span> <span class='ocrx_word' id='word_1_166' title='bbox 577 2207 612 2263; x_wconf 89' lang='lat' dir='ltr'><strong>de</strong></span> <span class='ocrx_word' id='word_1_167' title='bbox 633 2206 718 2262; x_wconf 88' lang='lat' dir='ltr'><strong>verbo</strong></span> <span class='ocrx_word' id='word_1_168' title='bbox 742 2209 773 2263; x_wconf 91' lang='lat' dir='ltr'><strong>iu</strong></span> <span class='ocrx_word' id='word_1_169' title='bbox 798 2205 914 2262; x_wconf 88' lang='lat' dir='ltr'><strong>verbum</strong></span> <span class='ocrx_word' id='word_1_170' title='bbox 939 2205 1102 2262; x_wconf 88' lang='lat' dir='ltr'><strong>conceditur</strong></span> <span class='ocrx_word' id='word_1_171' title='bbox 1123 2205 1263 2262; x_wconf 88' lang='lat' dir='ltr'><strong>Willelmo</strong></span> <span class='ocrx_word' id='word_1_172' title='bbox 1286 2205 1437 2277; x_wconf 83' lang='lat' dir='ltr'><strong>Atlrynson</strong></span> <span class='ocrx_word' id='word_1_173' title='bbox 1461 2210 1492 2259; x_wconf 89' lang='lat' dir='ltr'><strong>et</strong></span> 
     </span>
     <span class='ocr_line' id='line_1_22' title="bbox 403 2295 634 2368; baseline -0.013 -14"><span class='ocrx_word' id='word_1_174' title='bbox 403 2295 528 2354; x_wconf 84' lang='lat' dir='ltr'><strong>Johanni</strong></span> <span class='ocrx_word' id='word_1_175' title='bbox 548 2297 634 2368; x_wconf 83' lang='lat' dir='ltr'><strong>Pryce</strong></span> 
     </span>
    </p>

    <p class='ocr_par' dir='ltr' id='par_1_7' title="bbox 333 2380 1491 2544">
     <span class='ocr_line' id='line_1_23' title="bbox 333 2380 1491 2455; baseline -0.005 -15"><span class='ocrx_word' id='word_1_176' title='bbox 333 2386 409 2441; x_wconf 92' lang='lat' dir='ltr'><strong>Item</strong></span> <span class='ocrx_word' id='word_1_177' title='bbox 428 2383 590 2440; x_wconf 88' lang='lat' dir='ltr'><strong>conceditur</strong></span> <span class='ocrx_word' id='word_1_178' title='bbox 612 2383 725 2455; x_wconf 85' lang='lat' dir='ltr'><strong>Hugoni</strong></span> <span class='ocrx_word' id='word_1_179' title='bbox 747 2383 826 2438; x_wconf 90' lang='lat' dir='ltr'><strong>Hillo</strong></span> <span class='ocrx_word' id='word_1_180' title='bbox 845 2387 877 2438; x_wconf 86' lang='grc'><strong>11</strong></span> <span class='ocrx_word' id='word_1_181' title='bbox 898 2387 931 2437; x_wconf 90' lang='grc'><strong>12</strong></span> <span class='ocrx_word' id='word_1_182' title='bbox 951 2382 1066 2438; x_wconf 86' lang='lat' dir='ltr'><strong>termini</strong></span> <span class='ocrx_word' id='word_1_183' title='bbox 1086 2381 1217 2453; x_wconf 90' lang='lat' dir='ltr'><strong>completi</strong></span> <span class='ocrx_word' id='word_1_184' title='bbox 1237 2397 1302 2435; x_wconf 91' lang='lat' dir='ltr'><strong>oum</strong></span> <span class='ocrx_word' id='word_1_185' title='bbox 1321 2381 1442 2435; x_wconf 88' lang='lat' dir='ltr'><strong>termino</strong></span> <span class='ocrx_word' id='word_1_186' title='bbox 1462 2380 1491 2434; x_wconf 91' lang='lat' dir='ltr'><strong>in</strong></span> 
     </span>
     <span class='ocr_line' id='line_1_24' title="bbox 403 2469 1491 2544; baseline -0.006 -16"><span class='ocrx_word' id='word_1_187' title='bbox 403 2490 460 2544; x_wconf 90' lang='lat' dir='ltr'><strong>quo</strong></span> <span class='ocrx_word' id='word_1_188' title='bbox 478 2472 508 2527; x_wconf 93' lang='lat' dir='ltr'><strong>in</strong></span> <span class='ocrx_word' id='word_1_189' title='bbox 526 2469 631 2542; x_wconf 86' lang='lat' dir='ltr'><strong>quibus</strong></span> <span class='ocrx_word' id='word_1_190' title='bbox 648 2471 782 2526; x_wconf 90' lang='lat' dir='ltr'><strong>lectiones</strong></span> <span class='ocrx_word' id='word_1_191' title='bbox 803 2470 960 2525; x_wconf 86' lang='lat' dir='ltr'><strong>ordinarias</strong></span> <span class='ocrx_word' id='word_1_192' title='bbox 980 2469 1092 2525; x_wconf 90' lang='lat' dir='ltr'><strong>audiuit</strong></span> <span class='ocrx_word' id='word_1_193' title='bbox 1111 2487 1161 2540; x_wconf 91' lang='lat' dir='ltr'><strong>per</strong></span> <span class='ocrx_word' id='word_1_194' title='bbox 1179 2469 1312 2524; x_wconf 80' lang='lat' dir='ltr'><strong>maiorem</strong></span> <span class='ocrx_word' id='word_1_195' title='bbox 1332 2473 1441 2540; x_wconf 83' lang='lat' dir='ltr'><strong>partem</strong></span> <span class='ocrx_word' id='word_1_196' title='bbox 1462 2469 1491 2522; x_wconf 90' lang='lat' dir='ltr'><strong>in</strong></span> 
     </span>
    </p>

    <p class='ocr_par' dir='ltr' id='par_1_8' title="bbox 338 2557 1490 2722">
     <span class='ocr_line' id='line_1_25' title="bbox 338 2557 1490 2632; baseline -0.006 -15"><span class='ocrx_word' id='word_1_197' title='bbox 338 2589 343 2596; x_wconf 90' lang='lat'><em>.</em></span> <span class='ocrx_word' id='word_1_198' title='bbox 402 2565 464 2617; x_wconf 92' lang='lat' dir='ltr'><strong>toto</strong></span> <span class='ocrx_word' id='word_1_199' title='bbox 493 2578 558 2616; x_wconf 89' lang='lat' dir='ltr'><strong>cum</strong></span> <span class='ocrx_word' id='word_1_200' title='bbox 585 2559 811 2632; x_wconf 87' lang='lat' dir='ltr'><strong>oppositionibus</strong></span> <span class='ocrx_word' id='word_1_201' title='bbox 834 2565 864 2615; x_wconf 94' lang='lat' dir='ltr'><strong>et</strong></span> <span class='ocrx_word' id='word_1_202' title='bbox 887 2557 1117 2631; x_wconf 86' lang='lat' dir='ltr'><strong>responsionibus</strong></span> <span class='ocrx_word' id='word_1_203' title='bbox 1141 2558 1220 2613; x_wconf 84' lang='lat' dir='ltr'><strong>iuxts</strong></span> <span class='ocrx_word' id='word_1_204' title='bbox 1243 2557 1362 2612; x_wconf 82' lang='lat' dir='ltr'><strong>formum</strong></span> <span class='ocrx_word' id='word_1_205' title='bbox 1387 2557 1490 2611; x_wconf 88' lang='lat' dir='ltr'><strong>statuti</strong></span> 
     </span>
     <span class='ocr_line' id='line_1_26' title="bbox 403 2647 1205 2722; baseline -0.005 -17"><span class='ocrx_word' id='word_1_206' title='bbox 403 2651 547 2722; x_wconf 89' lang='lat' dir='ltr'><strong>requisitis</strong></span> <span class='ocrx_word' id='word_1_207' title='bbox 564 2650 705 2705; x_wconf 85' lang='lat' dir='ltr'><strong>sufficient</strong></span> <span class='ocrx_word' id='word_1_208' title='bbox 721 2649 747 2705; x_wconf 88' lang='lat' dir='ltr'><strong>ei</strong></span> <span class='ocrx_word' id='word_1_209' title='bbox 765 2649 801 2704; x_wconf 86' lang='lat' dir='ltr'><strong>sd</strong></span> <span class='ocrx_word' id='word_1_210' title='bbox 820 2647 1045 2720; x_wconf 89' lang='lat' dir='ltr'><strong>respondendum</strong></span> <span class='ocrx_word' id='word_1_211' title='bbox 1063 2647 1205 2718; x_wconf 88' lang='lat' dir='ltr'><strong>questioni</strong></span> 
     </span>
    </p>

    <p class='ocr_par' dir='ltr' id='par_1_9' title="bbox 333 2731 1492 3073">
     <span class='ocr_line' id='line_1_27' title="bbox 333 2731 1492 2809; baseline -0.006 -15"><span class='ocrx_word' id='word_1_212' title='bbox 333 2738 407 2794; x_wconf 85' lang='lat' dir='ltr'><strong>Item</strong></span> <span class='ocrx_word' id='word_1_213' title='bbox 420 2738 582 2794; x_wconf 86' lang='lat' dir='ltr'><strong>conceditur</strong></span> <span class='ocrx_word' id='word_1_214' title='bbox 598 2738 704 2794; x_wconf 87' lang='lat' dir='ltr'><strong>Thorne</strong></span> <span class='ocrx_word' id='word_1_215' title='bbox 721 2738 818 2809; x_wconf 82' lang='lat' dir='ltr'><strong>Bynge</strong></span> <span class='ocrx_word' id='word_1_216' title='bbox 829 2742 862 2792; x_wconf 84' lang='lat' dir='ltr'><strong>vt</strong></span> <span class='ocrx_word' id='word_1_217' title='bbox 876 2742 908 2792; x_wconf 89' lang='grc'><strong>12</strong></span> <span class='ocrx_word' id='word_1_218' title='bbox 921 2735 1036 2792; x_wconf 88' lang='lat' dir='ltr'><strong>termini</strong></span> <span class='ocrx_word' id='word_1_219' title='bbox 1049 2734 1181 2806; x_wconf 89' lang='lat' dir='ltr'><strong>completi</strong></span> <span class='ocrx_word' id='word_1_220' title='bbox 1198 2734 1228 2788; x_wconf 93' lang='lat' dir='ltr'><strong>in</strong></span> <span class='ocrx_word' id='word_1_221' title='bbox 1240 2731 1345 2804; x_wconf 87' lang='lat' dir='ltr'><strong>quibus</strong></span> <span class='ocrx_word' id='word_1_222' title='bbox 1357 2732 1492 2788; x_wconf 88' lang='lat' dir='ltr'><strong>lectiones</strong></span> 
     </span>
     <span class='ocr_line' id='line_1_28' title="bbox 404 2821 1489 2882; baseline -0.006 -2"><span class='ocrx_word' id='word_1_223' title='bbox 404 2825 559 2882; x_wconf 85' lang='lat' dir='ltr'><strong>ordinaries</strong></span> <span class='ocrx_word' id='word_1_224' title='bbox 574 2826 685 2881; x_wconf 88' lang='lat' dir='ltr'><strong>audiuit</strong></span> <span class='ocrx_word' id='word_1_225' title='bbox 701 2826 768 2880; x_wconf 92' lang='lat' dir='ltr'><strong>licet</strong></span> <span class='ocrx_word' id='word_1_226' title='bbox 785 2843 841 2881; x_wconf 89' lang='lat' dir='ltr'><strong>non</strong></span> <span class='ocrx_word' id='word_1_227' title='bbox 860 2825 975 2880; x_wconf 91' lang='lat' dir='ltr'><strong>omnino</strong></span> <span class='ocrx_word' id='word_1_228' title='bbox 993 2821 1149 2878; x_wconf 88' lang='lat' dir='ltr'><strong>secundum</strong></span> <span class='ocrx_word' id='word_1_229' title='bbox 1166 2821 1286 2876; x_wconf 82' lang='lat' dir='ltr'><strong>formam</strong></span> <span class='ocrx_word' id='word_1_230' title='bbox 1304 2821 1406 2876; x_wconf 85' lang='lat' dir='ltr'><strong>statuti</strong></span> <span class='ocrx_word' id='word_1_231' title='bbox 1424 2839 1489 2875; x_wconf 88' lang='lat' dir='ltr'><strong>cum</strong></span> 
     </span>
     <span class='ocr_line' id='line_1_29' title="bbox 403 2907 1489 2985; baseline -0.007 -16"><span class='ocrx_word' id='word_1_232' title='bbox 403 2911 626 2985; x_wconf 89' lang='lat' dir='ltr'><strong>oppositionibus</strong></span> <span class='ocrx_word' id='word_1_233' title='bbox 647 2917 676 2966; x_wconf 87' lang='lat' dir='ltr'><strong>et</strong></span> <span class='ocrx_word' id='word_1_234' title='bbox 697 2910 927 2984; x_wconf 86' lang='lat' dir='ltr'><strong>responsionibus</strong></span> <span class='ocrx_word' id='word_1_235' title='bbox 948 2909 1093 2982; x_wconf 89' lang='lat' dir='ltr'><strong>requisitis</strong></span> <span class='ocrx_word' id='word_1_236' title='bbox 1113 2908 1254 2964; x_wconf 84' lang='lat' dir='ltr'><strong>sufficient</strong></span> <span class='ocrx_word' id='word_1_237' title='bbox 1275 2907 1301 2963; x_wconf 90' lang='lat' dir='ltr'><strong>ei</strong></span> <span class='ocrx_word' id='word_1_238' title='bbox 1319 2908 1356 2963; x_wconf 88' lang='lat' dir='ltr'><strong>ad</strong></span> <span class='ocrx_word' id='word_1_239' title='bbox 1377 2924 1489 2978; x_wconf 88' lang='lat' dir='ltr'><strong>respon-</strong></span> 
     </span>
     <span class='ocr_line' id='line_1_30' title="bbox 403 3001 686 3073; baseline -0.007 -15"><span class='ocrx_word' id='word_1_240' title='bbox 403 3001 527 3058; x_wconf 89' lang='lat' dir='ltr'><strong>dendnm</strong></span> <span class='ocrx_word' id='word_1_241' title='bbox 545 3001 686 3073; x_wconf 87' lang='lat' dir='ltr'><strong>questioni</strong></span> 
     </span>
    </p>

    <p class='ocr_par' dir='ltr' id='par_1_10' title="bbox 334 3081 1491 3428">
     <span class='ocr_line' id='line_1_31' title="bbox 334 3081 1491 3157; baseline -0.009 -10"><span class='ocrx_word' id='word_1_242' title='bbox 334 3093 409 3148; x_wconf 89' lang='lat' dir='ltr'><strong>Item</strong></span> <span class='ocrx_word' id='word_1_243' title='bbox 430 3090 592 3146; x_wconf 89' lang='lat' dir='ltr'><strong>conceditur</strong></span> <span class='ocrx_word' id='word_1_244' title='bbox 615 3089 738 3145; x_wconf 87' lang='lat' dir='ltr'><strong>Roberto</strong></span> <span class='ocrx_word' id='word_1_245' title='bbox 759 3089 838 3144; x_wconf 87' lang='lat' dir='ltr'><strong>Kent</strong></span> <span class='ocrx_word' id='word_1_246' title='bbox 857 3093 890 3143; x_wconf 96' lang='grc'><strong>11</strong></span> <span class='ocrx_word' id='word_1_247' title='bbox 909 3091 927 3143; x_wconf 89' lang='lat'>9</span> <span class='ocrx_word' id='word_1_248' title='bbox 946 3087 1061 3143; x_wconf 81' lang='lat' dir='ltr'><strong>termini</strong></span> <span class='ocrx_word' id='word_1_249' title='bbox 1082 3103 1148 3141; x_wconf 86' lang='lat' dir='ltr'><strong>cum</strong></span> <span class='ocrx_word' id='word_1_250' title='bbox 1170 3085 1291 3140; x_wconf 89' lang='lat' dir='ltr'><strong>termino</strong></span> <span class='ocrx_word' id='word_1_251' title='bbox 1312 3085 1341 3140; x_wconf 91' lang='lat' dir='ltr'><strong>in</strong></span> <span class='ocrx_word' id='word_1_252' title='bbox 1363 3101 1419 3154; x_wconf 92' lang='lat' dir='ltr'><strong>quo</strong></span> <span class='ocrx_word' id='word_1_253' title='bbox 1436 3081 1491 3157; x_wconf 90' lang='lat' dir='ltr'><strong>[in]</strong></span> 
     </span>
     <span class='ocr_line' id='line_1_32' title="bbox 404 3173 1491 3252; baseline -0.008 -17"><span class='ocrx_word' id='word_1_254' title='bbox 404 3179 508 3252; x_wconf 92' lang='lat' dir='ltr'><strong>quibus</strong></span> <span class='ocrx_word' id='word_1_255' title='bbox 517 3179 651 3234; x_wconf 87' lang='lat' dir='ltr'><strong>lectiones</strong></span> <span class='ocrx_word' id='word_1_256' title='bbox 659 3178 816 3233; x_wconf 75' lang='lat' dir='ltr'><strong>ordinarias</strong></span> <span class='ocrx_word' id='word_1_257' title='bbox 825 3177 937 3232; x_wconf 75' lang='lat' dir='ltr'><strong>audiuit</strong></span> <span class='ocrx_word' id='word_1_258' title='bbox 946 3176 1013 3231; x_wconf 87' lang='lat' dir='ltr'><strong>licet</strong></span> <span class='ocrx_word' id='word_1_259' title='bbox 1022 3192 1079 3230; x_wconf 92' lang='lat' dir='ltr'><strong>non</strong></span> <span class='ocrx_word' id='word_1_260' title='bbox 1089 3173 1364 3229; x_wconf 88' lang='lat' dir='ltr'><strong>omuinosecundum</strong></span> <span class='ocrx_word' id='word_1_261' title='bbox 1372 3173 1491 3227; x_wconf 83' lang='lat' dir='ltr'><strong>formam</strong></span> 
     </span>
     <span class='ocr_line' id='line_1_33' title="bbox 405 3259 1490 3338; baseline -0.008 -15"><span class='ocrx_word' id='word_1_262' title='bbox 405 3268 508 3323; x_wconf 89' lang='lat' dir='ltr'><strong>statuti</strong></span> <span class='ocrx_word' id='word_1_263' title='bbox 525 3283 590 3322; x_wconf 89' lang='lat' dir='ltr'><strong>cum</strong></span> <span class='ocrx_word' id='word_1_264' title='bbox 608 3265 833 3338; x_wconf 89' lang='lat' dir='ltr'><strong>oppositionibus</strong></span> <span class='ocrx_word' id='word_1_265' title='bbox 851 3270 881 3320; x_wconf 92' lang='lat' dir='ltr'><strong>et</strong></span> <span class='ocrx_word' id='word_1_266' title='bbox 899 3261 1128 3335; x_wconf 87' lang='lat' dir='ltr'><strong>responsionibus</strong></span> <span class='ocrx_word' id='word_1_267' title='bbox 1146 3261 1290 3333; x_wconf 86' lang='lat' dir='ltr'><strong>requisitis</strong></span> <span class='ocrx_word' id='word_1_268' title='bbox 1307 3260 1447 3316; x_wconf 88' lang='lat' dir='ltr'><strong>sufficiant</strong></span> <span class='ocrx_word' id='word_1_269' title='bbox 1464 3259 1490 3314; x_wconf 90' lang='lat' dir='ltr'><strong>ei</strong></span> 
     </span>
     <span class='ocr_line' id='line_1_34' title="bbox 404 3353 845 3428; baseline -0.014 -15"><span class='ocrx_word' id='word_1_270' title='bbox 404 3356 441 3412; x_wconf 84' lang='lat' dir='ltr'><strong>sd</strong></span> <span class='ocrx_word' id='word_1_271' title='bbox 459 3355 685 3428; x_wconf 89' lang='lat' dir='ltr'><strong>respondendum</strong></span> <span class='ocrx_word' id='word_1_272' title='bbox 703 3353 845 3425; x_wconf 92' lang='lat' dir='ltr'><strong>questioni</strong></span> 
     </span>
    </p>
   </div>
   <div class='ocr_carea' id='block_1_3' title="bbox 335 3437 1496 4294">
    <p class='ocr_par' dir='ltr' id='par_1_11' title="bbox 335 3437 1493 3854">
     <span class='ocr_line' id='line_1_35' title="bbox 335 3437 1491 3513; baseline -0.01 -11"><span class='ocrx_word' id='word_1_273' title='bbox 335 3446 575 3502; x_wconf 88' lang='lat' dir='ltr'><strong>Determinatores</strong></span> <span class='ocrx_word' id='word_1_274' title='bbox 598 3442 713 3513; x_wconf 77' lang='lat' dir='ltr'><strong>collegii</strong></span> <span class='ocrx_word' id='word_1_275' title='bbox 741 3441 853 3512; x_wconf 80' lang='lat' dir='ltr'><strong>Regalis</strong></span> <span class='ocrx_word' id='word_1_276' title='bbox 880 3440 932 3496; x_wconf 88' lang='lat' dir='ltr'><strong>hsc</strong></span> <span class='ocrx_word' id='word_1_277' title='bbox 956 3439 1171 3511; x_wconf 79' lang='lat' dir='ltr'><strong>quadragesima</strong></span> <span class='ocrx_word' id='word_1_278' title='bbox 1194 3437 1298 3509; x_wconf 91' lang='lat' dir='ltr'><strong>quibus</strong></span> <span class='ocrx_word' id='word_1_279' title='bbox 1324 3437 1403 3492; x_wconf 87' lang='lat' dir='ltr'><strong>nulla</strong></span> <span class='ocrx_word' id='word_1_280' title='bbox 1427 3454 1491 3491; x_wconf 89' lang='lat' dir='ltr'><strong>con·</strong></span> 
     </span>
     <span class='ocr_line' id='line_1_36' title="bbox 405 3525 1492 3604; baseline -0.01 -14"><span class='ocrx_word' id='word_1_281' title='bbox 405 3552 482 3590; x_wconf 81' lang='lat' dir='ltr'><strong>cesse</strong></span> <span class='ocrx_word' id='word_1_282' title='bbox 499 3551 591 3604; x_wconf 90' lang='lat' dir='ltr'><strong>neque</strong></span> <span class='ocrx_word' id='word_1_283' title='bbox 609 3531 700 3602; x_wconf 87' lang='lat' dir='ltr'><strong>petits</strong></span> <span class='ocrx_word' id='word_1_284' title='bbox 717 3532 761 3585; x_wconf 90' lang='lat' dir='ltr'><strong>est</strong></span> <span class='ocrx_word' id='word_1_285' title='bbox 778 3529 871 3600; x_wconf 79' lang='lat' dir='ltr'><strong>gracia</strong></span> <span class='ocrx_word' id='word_1_286' title='bbox 888 3533 957 3584; x_wconf 89' lang='lat' dir='ltr'><strong>sunt</strong></span> <span class='ocrx_word' id='word_1_287' title='bbox 976 3529 1101 3584; x_wconf 85' lang='lat' dir='ltr'><strong>Thomas</strong></span> <span class='ocrx_word' id='word_1_288' title='bbox 1120 3528 1209 3583; x_wconf 86' lang='lat' dir='ltr'><strong>Ruste</strong></span> <span class='ocrx_word' id='word_1_289' title='bbox 1230 3525 1370 3584; x_wconf 85' lang='lat' dir='ltr'><strong>Robertus</strong></span> <span class='ocrx_word' id='word_1_290' title='bbox 1389 3525 1492 3596; x_wconf 84' lang='lat' dir='ltr'><strong>Scrope</strong></span> 
     </span>
     <span class='ocr_line' id='line_1_37' title="bbox 407 3612 1491 3684; baseline -0.007 -10"><span class='ocrx_word' id='word_1_291' title='bbox 407 3619 564 3676; x_wconf 83' lang='lat' dir='ltr'><strong>Riohsrdus</strong></span> <span class='ocrx_word' id='word_1_292' title='bbox 580 3617 672 3673; x_wconf 85' lang='lat' dir='ltr'><strong>Dixon</strong></span> <span class='ocrx_word' id='word_1_293' title='bbox 690 3614 848 3670; x_wconf 82' lang='lat' dir='ltr'><strong>Richardus</strong></span> <span class='ocrx_word' id='word_1_294' title='bbox 859 3614 968 3670; x_wconf 82' lang='lat' dir='ltr'><strong>Adems</strong></span> <span class='ocrx_word' id='word_1_295' title='bbox 985 3614 1118 3670; x_wconf 85' lang='lat' dir='ltr'><strong>Metheus</strong></span> <span class='ocrx_word' id='word_1_296' title='bbox 1135 3613 1261 3669; x_wconf 87' lang='lat' dir='ltr'><strong>Sadocke</strong></span> <span class='ocrx_word' id='word_1_297' title='bbox 1276 3613 1376 3668; x_wconf 86' lang='lat' dir='ltr'><strong>Petrus</strong></span> <span class='ocrx_word' id='word_1_298' title='bbox 1391 3612 1491 3684; x_wconf 86' lang='lat' dir='ltr'><strong>Playce</strong></span> 
     </span>
     <span class='ocr_line' id='line_1_38' title="bbox 407 3700 1493 3776; baseline -0.009 -12"><span class='ocrx_word' id='word_1_299' title='bbox 407 3707 564 3764; x_wconf 79' lang='lat' dir='ltr'><strong>willelmus</strong></span> <span class='ocrx_word' id='word_1_300' title='bbox 594 3706 750 3776; x_wconf 81' lang='lat' dir='ltr'><strong>Howgrsve</strong></span> <span class='ocrx_word' id='word_1_301' title='bbox 779 3703 934 3759; x_wconf 83' lang='lat' dir='ltr'><strong>Edwardus</strong></span> <span class='ocrx_word' id='word_1_302' title='bbox 964 3703 1116 3775; x_wconf 79' lang='lat' dir='ltr'><strong>Bagshawe</strong></span> <span class='ocrx_word' id='word_1_303' title='bbox 1146 3701 1299 3757; x_wconf 86' lang='lat' dir='ltr'><strong>Nicholaus</strong></span> <span class='ocrx_word' id='word_1_304' title='bbox 1326 3700 1439 3773; x_wconf 78' lang='lat' dir='ltr'><strong>Sturlsy</strong></span> <span class='ocrx_word' id='word_1_305' title='bbox 1462 3703 1493 3755; x_wconf 89' lang='lat' dir='ltr'><strong>et</strong></span> 
     </span>
     <span class='ocr_line' id='line_1_39' title="bbox 407 3794 709 3854; baseline -0.02 0"><span class='ocrx_word' id='word_1_306' title='bbox 407 3796 564 3854; x_wconf 86' lang='lat' dir='ltr'><strong>Willelmus</strong></span> <span class='ocrx_word' id='word_1_307' title='bbox 581 3794 709 3849; x_wconf 85' lang='lat' dir='ltr'><strong>Johnson</strong></span> 
     </span>
    </p>

    <p class='ocr_par' dir='ltr' id='par_1_12' title="bbox 335 3875 1493 4132">
     <span class='ocr_line' id='line_1_40' title="bbox 335 3875 1493 3951; baseline -0.011 -9"><span class='ocrx_word' id='word_1_308' title='bbox 335 3886 410 3942; x_wconf 83' lang='lat' dir='ltr'><strong>item</strong></span> <span class='ocrx_word' id='word_1_309' title='bbox 427 3883 590 3940; x_wconf 89' lang='lat' dir='ltr'><strong>conceditur</strong></span> <span class='ocrx_word' id='word_1_310' title='bbox 606 3883 698 3938; x_wconf 88' lang='lat' dir='ltr'><strong>eidem</strong></span> <span class='ocrx_word' id='word_1_311' title='bbox 718 3881 834 3937; x_wconf 89' lang='lat' dir='ltr'><strong>domino</strong></span> <span class='ocrx_word' id='word_1_312' title='bbox 853 3880 962 3936; x_wconf 81' lang='lat' dir='ltr'><strong>lonson</strong></span> <span class='ocrx_word' id='word_1_313' title='bbox 987 3895 1078 3951; x_wconf 90' lang='lat' dir='ltr'><strong>nuper</strong></span> <span class='ocrx_word' id='word_1_314' title='bbox 1099 3879 1175 3934; x_wconf 88' lang='lat' dir='ltr'><strong>socio</strong></span> <span class='ocrx_word' id='word_1_315' title='bbox 1196 3876 1304 3948; x_wconf 84' lang='lat' dir='ltr'><strong>collegii</strong></span> <span class='ocrx_word' id='word_1_316' title='bbox 1330 3875 1442 3947; x_wconf 80' lang='lat' dir='ltr'><strong>Regalis</strong></span> <span class='ocrx_word' id='word_1_317' title='bbox 1462 3879 1493 3930; x_wconf 91' lang='lat' dir='ltr'><strong>et</strong></span> 
     </span>
     <span class='ocr_line' id='line_1_41' title="bbox 406 3963 1492 4043; baseline -0.012 -12"><span class='ocrx_word' id='word_1_318' title='bbox 406 3975 529 4031; x_wconf 86' lang='lat' dir='ltr'><strong>edmisso</strong></span> <span class='ocrx_word' id='word_1_319' title='bbox 544 3972 581 4028; x_wconf 87' lang='lat' dir='ltr'><strong>ad</strong></span> <span class='ocrx_word' id='word_1_320' title='bbox 599 3970 823 4043; x_wconf 86' lang='lat' dir='ltr'><strong>respondendnm</strong></span> <span class='ocrx_word' id='word_1_321' title='bbox 842 3967 983 4041; x_wconf 90' lang='lat' dir='ltr'><strong>questioni</strong></span> <span class='ocrx_word' id='word_1_322' title='bbox 1001 3985 1076 4022; x_wconf 88' lang='lat' dir='ltr'><strong>suno</strong></span> <span class='ocrx_word' id='word_1_323' title='bbox 1097 3966 1233 4038; x_wconf 86' lang='lat' dir='ltr'><strong>superiori</strong></span> <span class='ocrx_word' id='word_1_324' title='bbox 1251 3971 1285 4020; x_wconf 87' lang='lat' dir='ltr'><strong>vt</strong></span> <span class='ocrx_word' id='word_1_325' title='bbox 1303 3964 1426 4020; x_wconf 81' lang='lat' dir='ltr'><strong>finaliter</strong></span> <span class='ocrx_word' id='word_1_326' title='bbox 1445 3963 1492 4018; x_wconf 92' lang='lat' dir='ltr'><strong>de-</strong></span> 
     </span>
     <span class='ocr_line' id='line_1_42' title="bbox 406 4053 1282 4132; baseline -0.013 -14"><span class='ocrx_word' id='word_1_327' title='bbox 406 4062 558 4118; x_wconf 84' lang='lat' dir='ltr'><strong>terminare</strong></span> <span class='ocrx_word' id='word_1_328' title='bbox 575 4060 666 4132; x_wconf 90' lang='lat' dir='ltr'><strong>possit</strong></span> <span class='ocrx_word' id='word_1_329' title='bbox 683 4075 748 4114; x_wconf 88' lang='lat' dir='ltr'><strong>cum</strong></span> <span class='ocrx_word' id='word_1_330' title='bbox 766 4059 868 4114; x_wconf 89' lang='lat' dir='ltr'><strong>ceteris</strong></span> <span class='ocrx_word' id='word_1_331' title='bbox 886 4057 971 4112; x_wconf 90' lang='lat' dir='ltr'><strong>huius</strong></span> <span class='ocrx_word' id='word_1_332' title='bbox 988 4055 1057 4110; x_wconf 88' lang='lat' dir='ltr'><strong>suni</strong></span> <span class='ocrx_word' id='word_1_333' title='bbox 1074 4053 1282 4110; x_wconf 86' lang='lat' dir='ltr'><strong>bacchalsureis</strong></span> 
     </span>
    </p>

    <p class='ocr_par' dir='ltr' id='par_1_13' title="bbox 337 4138 1496 4294">
     <span class='ocr_line' id='line_1_43' title="bbox 337 4138 1494 4213; baseline -0.012 -6"><span class='ocrx_word' id='word_1_334' title='bbox 337 4151 411 4206; x_wconf 89' lang='lat' dir='ltr'><strong>Item</strong></span> <span class='ocrx_word' id='word_1_335' title='bbox 428 4149 592 4206; x_wconf 86' lang='lat' dir='ltr'><strong>conceditur</strong></span> <span class='ocrx_word' id='word_1_336' title='bbox 608 4148 713 4203; x_wconf 78' lang='lat' dir='ltr'><strong>loanni</strong></span> <span class='ocrx_word' id='word_1_337' title='bbox 735 4147 841 4203; x_wconf 82' lang='lat' dir='ltr'><strong>Newell</strong></span> <span class='ocrx_word' id='word_1_338' title='bbox 859 4150 892 4200; x_wconf 84' lang='grc'><strong>11</strong></span> <span class='ocrx_word' id='word_1_339' title='bbox 915 4149 947 4200; x_wconf 91' lang='grc'><strong>12</strong></span> <span class='ocrx_word' id='word_1_340' title='bbox 967 4143 1082 4200; x_wconf 86' lang='lat' dir='ltr'><strong>termini</strong></span> <span class='ocrx_word' id='word_1_341' title='bbox 1100 4143 1131 4198; x_wconf 90' lang='lat' dir='ltr'><strong>in</strong></span> <span class='ocrx_word' id='word_1_342' title='bbox 1148 4141 1253 4213; x_wconf 89' lang='lat' dir='ltr'><strong>quibus</strong></span> <span class='ocrx_word' id='word_1_343' title='bbox 1270 4140 1404 4196; x_wconf 88' lang='lat' dir='ltr'><strong>lectiones</strong></span> <span class='ocrx_word' id='word_1_344' title='bbox 1421 4138 1494 4194; x_wconf 86' lang='lat' dir='ltr'><strong>ordi-</strong></span> 
     </span>
     <span class='ocr_line' id='line_1_44' title="bbox 406 4227 1496 4294; baseline -0.012 0"><span class='ocrx_word' id='word_1_345' title='bbox 406 4239 499 4294; x_wconf 85' lang='lat' dir='ltr'><strong>nsriss</strong></span> <span class='ocrx_word' id='word_1_346' title='bbox 515 4235 628 4292; x_wconf 75' lang='lat' dir='ltr'><strong>audiuit</strong></span> <span class='ocrx_word' id='word_1_347' title='bbox 643 4236 710 4291; x_wconf 91' lang='lat' dir='ltr'><strong>licet</strong></span> <span class='ocrx_word' id='word_1_348' title='bbox 726 4252 783 4290; x_wconf 92' lang='lat' dir='ltr'><strong>non</strong></span> <span class='ocrx_word' id='word_1_349' title='bbox 799 4233 915 4289; x_wconf 89' lang='lat' dir='ltr'><strong>omnino</strong></span> <span class='ocrx_word' id='word_1_350' title='bbox 931 4229 1087 4288; x_wconf 89' lang='lat' dir='ltr'><strong>secundum</strong></span> <span class='ocrx_word' id='word_1_351' title='bbox 1102 4229 1222 4285; x_wconf 82' lang='lat' dir='ltr'><strong>formum</strong></span> <span class='ocrx_word' id='word_1_352' title='bbox 1238 4229 1340 4284; x_wconf 88' lang='lat' dir='ltr'><strong>ststuti</strong></span> <span class='ocrx_word' id='word_1_353' title='bbox 1352 4227 1496 4283; x_wconf 82' lang='lat' dir='ltr'><strong>sufficient</strong></span> 
     </span>
    </p>
   </div>
   <div class='ocr_carea' id='block_1_4' title="bbox 405 4321 871 4397">
    <p class='ocr_par' dir='ltr' id='par_1_14' title="bbox 405 4321 871 4397">
     <span class='ocr_line' id='line_1_45' title="bbox 405 4321 871 4397; baseline -0.015 -15"><span class='ocrx_word' id='word_1_354' title='bbox 405 4328 430 4382; x_wconf 90' lang='lat' dir='ltr'><strong>ei</strong></span> <span class='ocrx_word' id='word_1_355' title='bbox 442 4326 478 4382; x_wconf 80' lang='lat' dir='ltr'><strong>sd</strong></span> <span class='ocrx_word' id='word_1_356' title='bbox 490 4323 717 4397; x_wconf 86' lang='lat' dir='ltr'><strong>respondendum</strong></span> <span class='ocrx_word' id='word_1_357' title='bbox 728 4321 871 4395; x_wconf 90' lang='lat' dir='ltr'><strong>questioni</strong></span> 
     </span>
    </p>
   </div>
   <div class='ocr_carea' id='block_1_5' title="bbox 0 0 1694 5108">
    <p class='ocr_par' dir='ltr' id='par_1_15' title="bbox 0 0 1694 5108">
     <span class='ocr_line' id='line_1_46' title="bbox 0 0 1694 5108; baseline 0 0"><span class='ocrx_word' id='word_1_358' title='bbox 0 0 1694 5108; x_wconf 95' lang='lat' dir='ltr'><strong> </strong></span> 
     </span>
    </p>
   </div>
  </div>
 </body>
</html>
