3408 5116
218 365 380 452 1575-76]
652 381 765 430 casca
788 380 881 428 aocrr
904 382 926 428 a

675 1169 924 1255 umam]

220 1385 341 1451 Gratiae
372 1386 440 1452 sive
467 1386 646 1472 peticiones
672 1407 820 1450 concesse
846 1385 881 1450 irr
909 1385 1006 1470 plena
1031 1385 1284 1471 congregacione
1314 1383 1377 1448 Re·

307 1490 456 1575 gentium
491 1499 526 1554 et
561 1513 623 1554 non
663 1489 861 1573 Regentium
896 1511 916 1552 a
949 1489 1032 1552 leste
1066 1489 1170 1553 sancti
1209 1486 1379 1552 Michaelis

308 1594 491 1680 archangeli
522 1616 607 1659 anno
633 1593 755 1658 domini
790 1594 872 1660 1575
905 1615 1003 1679 vsque
1033 1591 1118 1657 idem
1152 1593 1270 1656 festum
1299 1601 1379 1656 ωηο

309 1699 454 1785 proxime
485 1721 624 1784 sequens
653 1697 805 1762 Johaurre
835 1697 920 1782 Styll
951 1719 1040 1761 sacre
1071 1697 1233 1783 theologie
1259 1696 1379 1783 proles-

309 1825 380 1867 sore
418 1801 678 1867 vicecancellario
719 1801 860 1865 Thomas
903 1801 1042 1866 Raudall
1079 1809 1114 1865 et
1152 1800 1257 1865 David
1296 1799 1379 1864 Yale

310 1906 572 1993 procuratoribus

225 2121 258 2172 la
274 2117 405 2174 Octobris
422 2117 554 2174 dominus
565 2117 809 2173 vicecancellarius
824 2116 952 2172 doctores
970 2117 1059 2172 Kelke
1077 2117 1191 2189 Harvye
1206 2120 1236 2172 et
1255 2114 1381 2172 Hatchar

294 2207 421 2278 magistri
439 2207 522 2262 Some
534 2212 564 2262 et
581 2207 700 2278 Smythe
719 2204 860 2276 Reginalis
872 2206 1051 2276 assignantur
1067 2210 1153 2276 caput
1165 2210 1280 2260 serratus
1291 2201 1381 2258 futuri

295 2314 363 2350 auru

224 2385 372 2440 Statutum
391 2384 499 2440 editum
517 2389 546 2438 ³⁰
563 2382 730 2438 Novembris
747 2384 962 2454 procancellario
976 2382 1088 2438 doctore
1106 2383 1194 2439 Perae
1209 2387 1239 2438 et
1253 2399 1381 2455 procura·

296 2470 406 2526 toribus
423 2471 566 2542 magistris
582 2470 701 2526 Randall
717 2477 748 2525 et
759 2472 829 2526 Yale
865 2472 957 2539 Quum
974 2470 1168 2527 iusiurandum
1180 2491 1198 2526 a
1209 2471 1382 2526 scholaribus

297 2560 462 2614 cancellario
482 2561 623 2630 magistris
641 2564 670 2613 et
688 2559 861 2614 scholaribus
879 2561 1072 2615 vniuersitatis
1089 2559 1265 2630 Oantebrigie
1283 2558 1381 2630 presti-

298 2653 358 2702 trrm
377 2653 406 2702 et
423 2647 617 2703 iusiurandum
633 2645 669 2701 ab
685 2647 834 2718 oppidanis
850 2648 1000 2718 prestitum
1017 2647 1114 2702 maiori
1127 2647 1193 2702 ville
1205 2645 1382 2716 Cantabrigie

297 2735 407 2790 ballivis
419 2742 449 2790 et
466 2735 651 2806 brugensibus
666 2735 777 2790 diversa
793 2738 934 2791 contraria
950 2741 979 2792 et
996 2737 1072 2791 nullo
1089 2736 1172 2792 modo
1187 2737 1383 2791 convenientia

297 2840 357 2877 esse
375 2823 524 2878 videantur
540 2827 570 2877 et
586 2829 680 2878 tamen
700 2825 826 2879 nonnulli
847 2824 921 2879 haud
940 2825 1124 2880 formidantes
1143 2825 1256 2896 periurii
1276 2825 1382 2895 pericu-

297 2911 355 2964 lum
376 2929 431 2965 uon
453 2911 494 2965 ita
515 2911 626 2982 pridem
643 2913 770 2982 utrisque
791 2911 875 2966 fidem
897 2929 977 2966 suam
999 2913 1181 2967 astrinxerint
1201 2913 1230 2966 irr
1251 2929 1382 2982 maguum

296 2999 454 3054 animarum
470 3017 584 3054 arrarum
600 3000 757 3070 periculum
769 3005 799 3054 et
811 3001 965 3054 multorum
980 3001 1160 3055 offensionem
1198 3000 1292 3055 Placet
1304 2999 1384 3055 vobis

297 3092 329 3141 vt
350 3088 453 3157 singuli
472 3087 522 3158 qui
543 3093 594 3142 aut
615 3105 691 3141 nunc
710 3094 778 3142 sunt
795 3093 847 3142 aut
865 3089 914 3159 qrri
936 3089 966 3142 in
987 3092 1131 3158 posterum
1152 3088 1239 3143 futuri
1261 3094 1329 3143 sunt
1349 3106 1384 3144 ex

297 3174 403 3244 gremio
427 3174 621 3228 voluer-sitatis
645 3176 695 3245 qui
719 3175 837 3246 posthac
866 3176 974 3246 accepti
1004 3175 1131 3231 beneficii
1154 3182 1184 3233 et
1208 3177 1384 3234 educccionis

297 3264 475 3318 immemores
491 3281 522 3318 se
537 3282 588 3335 per
603 3269 810 3318 sacramentum
823 3283 907 3320 srrrrm
919 3267 1117 3321 communitati
1130 3267 1195 3321 ville
1207 3267 1385 3338 Cantebrigie

299 3352 391 3422 (quasi
404 3352 434 3406 in
446 3352 531 3406 aliam
543 3353 680 3407 coloniam
691 3353 868 3423 traducendi)
877 3355 1078 3410 consociabunt
1089 3360 1226 3427 tauquam
1236 3356 1384 3427 degeneres

298 3442 348 3496 filii
366 3439 403 3495 ab
421 3443 498 3496 omni
518 3442 652 3497 societate
671 3443 816 3514 privilegio
834 3450 864 3498 et
883 3442 1016 3514 gradibus
1036 3445 1204 3501 scholarium
1227 3447 1287 3518 ipso
1309 3447 1384 3501 lacto

298 3531 446 3603 priventur
482 3531 520 3585 Et
532 3532 607 3602 quod
622 3533 863 3588 vicecancellarius
879 3552 930 3604 pro
946 3539 1072 3604 temporo
1087 3536 1210 3590 existens
1222 3539 1384 3606 (postquam

298 3620 353 3675 sibi
373 3621 530 3675 innotuerit
547 3622 669 3692 aliquem
688 3621 820 3693 deinceps
838 3624 995 3694 prestitisse
1013 3623 1172 3679 huiusmodi
1195 3625 1383 3679 irunmeutum

299 3707 444 3763 fidelitatis
478 3710 543 3763 ville
574 3709 752 3781 Centobrigie
786 3711 923 3782 predicte)
953 3713 982 3765 iu
1015 3712 1141 3781 proxima
1172 3713 1385 3782 congregacione

301 3797 469 3866 Regentium
492 3801 522 3851 et
548 3816 604 3852 nnn
633 3799 799 3868 Rogantium
832 3798 942 3869 publice
972 3798 1168 3869 pronuntiabit
1197 3801 1384 3869 privacionern

300 3884 455 3954 predictam
479 3885 650 3956 Regentibrrs
669 3894 699 3940 et
719 3905 774 3941 ηοη
797 3887 969 3957 Regentibrrs
991 3893 1059 3942 tunc
1080 3887 1257 3958 presentibus
1302 3889 1384 3943 Etsi

301 3973 446 4043 contingat
473 3973 596 4044 aliquem
623 3974 828 4046 oppidanorum
855 3975 1000 4030 libertates
1027 3975 1172 4046 privilegia
1197 3983 1248 4029 aut
1271 3995 1384 4032 consue-

301 4060 414 4116 tudines
427 4061 622 4118 vuluersitatis
637 4065 801 4134 impugnare
812 4069 864 4118 aut
879 4083 992 4134 gravem
1009 4065 1240 4135 ingratitudinem
1252 4065 1386 4120 adversus

299 4146 472 4203 academiam
486 4149 626 4205 scholares
638 4155 689 4205 aut
700 4168 797 4205 corum
809 4151 929 4205 famulos
941 4151 1071 4207 exhibere
1083 4159 1113 4206 et
1125 4169 1209 4223 super
1221 4152 1273 4206 hoc
1285 4153 1386 4209 iuditio

300 4239 509 4309 procanccllarii
534 4242 648 4296 maioris
672 4242 761 4312 partis
785 4242 991 4312 prepositorum
1014 4242 1191 4312 collegiorum
1214 4249 1245 4296 et
1267 4243 1385 4298 aliorum

301 4325 448 4382 doctorum
473 4333 542 4383 tuuc
564 4328 593 4383 in
614 4328 797 4384 vuiuemitate
819 4331 992 4400 presentium
1016 4329 1162 4384 convictus
1186 4329 1272 4384 suerit
1295 4331 1386 4400 placet

302 4413 381 4470 vobis
400 4419 432 4472 vt
452 4432 518 4471 cum
538 4415 700 4471 huiuamodi
722 4417 833 4490 ingrato
854 4435 903 4471 serr
925 4417 1043 4490 ingratis
1064 4415 1159 4473 nullus
1179 4416 1314 4474 scholaris
1335 4423 1386 4475 aut
