3394 5114
348 327 411 392 226
780 343 894 391 (11111
918 344 1009 390 soon
1034 344 1056 390 Δ
1340 326 1506 413 [1568-69

417 493 486 548 dum
492 493 579 564 iruam
589 494 626 548 ed
635 493 800 550 intrandum
810 495 839 548 in
848 513 928 548 socru
937 495 1077 566 theologia
1110 499 1290 566 presentatus
1302 513 1353 566 per
1361 495 1504 550 doctorem

419 582 603 651 Longeworth
620 586 650 636 et
666 581 806 638 admissus
825 584 857 639 17
873 583 954 637 Junii
989 583 1121 654 (quedem
1139 584 1273 640 exercitis
1288 584 1460 639 differrmtur
1475 582 1506 635 in

418 671 577 740 proximum
589 688 695 725 ennum
709 672 808 744 mai-p.)

348 758 518 813 Conceditur
534 762 568 812 10
580 759 659 812 Junii
678 759 813 828 magistro
831 758 899 814 Tho.
919 759 1036 813 Browne
1053 777 1143 830 nuper
1159 760 1267 832 collegii
1286 761 1364 831 Regii
1381 760 1456 814 socio
1473 762 1505 812 vt

417 845 544 899 studium
562 845 599 915 vij
620 863 758 900 annorum
776 846 805 900 in
822 846 963 916 theologia
980 853 1131 918 postquem
1148 847 1251 902 rexerit
1268 849 1297 902 in
1314 847 1423 902 artibus
1439 864 1504 901 cum

417 933 527 988 duobus
552 933 731 988 sermonibus
752 934 787 988 ad
811 935 916 990 clerum
939 940 968 990 et
991 935 1017 1006 vj
1041 935 1077 990 ed
1099 937 1235 1006 populum
1253 937 1321 1007 quie
1338 935 1504 991 difficultate

417 1019 548 1074 audiendi
568 1020 722 1090 impeditur
739 1038 796 1090 quo
814 1022 909 1076 minus
927 1022 1096 1092 respondeat
1113 1023 1289 1094 perficiendis
1306 1023 1380 1078 infra
1395 1039 1503 1077 annum

417 1195 541 1250 nendum
562 1213 649 1266 quam
667 1197 704 1251 sd
729 1196 895 1251 intrandum
917 1198 947 1252 in
968 1215 1047 1252 sucre
1068 1198 1208 1269 theologia
1250 1199 1432 1254 Presentetus
1453 1216 1503 1270 per

416 1281 560 1336 doctorem
578 1283 762 1353 Longeworth
797 1283 938 1339 admissus
953 1290 980 1338 1⁰
992 1285 1061 1339 Julii
1099 1286 1218 1357 (peregit
1230 1287 1326 1340 omnic
1338 1287 1437 1358 marq.)

345 1367 516 1424 Conceditur
531 1370 592 1441 viij⁰
607 1371 625 1424 J
627 1371 678 1425 ulii
694 1372 829 1442 magistro
842 1373 859 1426 J
861 1390 885 1426 o.
900 1372 1003 1427 Welles
1016 1378 1048 1427 vt
1059 1374 1188 1428 studium
1201 1379 1216 1430 7
1230 1392 1369 1429 annorum
1381 1375 1411 1429 in
1423 1374 1502 1429 theo-

415 1546 545 1616 ponende
563 1552 608 1601 etc
626 1547 749 1602 sufficiet
767 1549 792 1604 11
811 1553 872 1603 tum
893 1549 929 1603 ad
951 1550 1151 1622 opponendum
1171 1568 1258 1622 quum
1280 1550 1316 1604 ed
1338 1551 1502 1606 intrandum

414 1633 444 1686 in
462 1650 541 1688 11111
554 1634 694 1705 theologis
731 1635 913 1690 Presentetus
929 1655 978 1708 per
994 1637 1136 1692 doctorem
1150 1638 1307 1710 Whilgyste
1319 1643 1349 1694 et
1360 1639 1501 1694 admissus

414 1720 513 1775 eodem
549 1723 691 1790 (mortuus
703 1725 803 1796 marq.)

345 1807 452 1862 Eodem
464 1809 555 1879 gratia
567 1809 731 1865 conceditur
743 1810 840 1866 eodem
853 1812 987 1882 magistro
997 1813 1044 1868 W⁰
1053 1813 1188 1884 Wycksm
1200 1832 1264 1869 cum
1277 1814 1373 1870 studio
1386 1821 1402 1869 5
1414 1834 1501 1870 unno-

415 1914 478 1951 rum
510 1897 694 1953 Presentstus
705 1917 756 1970 per
767 1900 910 1955 doctorem
921 1901 1082 1956 Chsderton
1090 1908 1120 1957 et
1131 1903 1273 1958 admissus
1282 1903 1379 1959 eodem
1410 1907 1500 1976 (pere-

413 1985 455 2056 git
467 1985 562 2041 omnis
574 1989 674 2062 marp.)

762 2351 851 2415 Ordo
874 2352 1073 2416 senioritatis

411 2535 453 2588 ΜΓ
466 2535 591 2607 Lyndley
605 2537 680 2591 Pem.
695 2543 711 2590 5
725 2539 795 2592 Nov.
810 2537 952 2593 admissus
1013 2540 1054 2592 ΜΓ
1067 2539 1192 2611 Buckley
1204 2541 1220 2594 J
1224 2559 1247 2595 ο.
1262 2545 1296 2595 28
1310 2543 1378 2597 Maii

412 2622 454 2675 ΜΓ
465 2622 583 2678 Wurren
597 2625 652 2679 Tri.
670 2630 702 2680 10
714 2626 732 2679 J
734 2627 794 2680 unii
1013 2627 1055 2680 ΜΓ
1066 2629 1165 2682 Carter
1177 2628 1220 2682 Jo.
1236 2632 1268 2685 17
1281 2630 1299 2683 J
1302 2631 1360 2685 unii

412 2710 453 2763 ΜΓ
466 2710 583 2765 Browne
597 2713 645 2766 Re.
660 2718 688 2766 1ο
700 2713 717 2766 J
719 2714 769 2768 ulii
1012 2717 1054 2770 ΜΓ
1067 2717 1160 2772 Tuber
1172 2717 1279 2773 Christi
1292 2725 1327 2774 30
1340 2721 1419 2775 Octo.

411 2796 452 2848 ΜΓ
464 2795 570 2851 Gravet
584 2798 659 2854 Pem.
675 2803 703 2853 1⁰
714 2799 783 2854 Julii
1010 2803 1053 2857 ΜΓ
1066 2804 1200 2876 Heusbye
1211 2807 1254 2860 Jo.
1270 2811 1303 2861 10
1315 2807 1333 2860 J
1335 2809 1395 2863 unii

410 2884 452 2937 ΜΓ
466 2884 545 2938 Η1111
559 2886 643 2956 Regu.
658 2891 692 2940 25
706 2888 803 2943 Martii
1012 2893 1054 2946 ΜΓ
1066 2894 1158 2950 Drent
1170 2895 1213 2948 Jo.
1230 2899 1262 2950 10
1274 2896 1353 2951 Junii

409 2969 451 3023 ΜΓ
463 2970 574 3042 Lynsey
587 2971 604 3025 J
607 2991 630 3027 ο.
646 2977 679 3027 13
693 2975 762 3028 Maii
1009 2980 1050 3033 ΜΓ
1063 2981 1187 3053 Lynford
1202 2982 1285 3052 Regu.
1302 2987 1334 3038 10
1346 2984 1426 3040 Junii

409 3057 452 3111 ΜΓ
464 3059 581 3115 Browne
593 3060 649 3118 Tri.
665 3068 692 3116 1⁰
704 3063 812 3134 Aprilis
1009 3068 1050 3122 ΜΓ
1063 3069 1161 3124 Tower
1174 3071 1258 3141 Regu.
1272 3076 1289 3126 3
1301 3073 1319 3126 J
1322 3073 1380 3127 unii

409 3147 451 3200 ΜΓ
462 3147 608 3219 Chepmen
622 3151 678 3207 Tri.
693 3157 726 3206 25
740 3153 837 3208 Martii
1008 3157 1049 3210 ΜΓ
1062 3159 1207 3231 Harryson
1222 3163 1254 3216 17
1267 3161 1347 3216 lunii

408 3235 450 3288 ΜΓ
462 3235 541 3290 Coed
555 3237 648 3307 Regsl.
663 3243 679 3292 4
693 3239 791 3293 Μ11111
1010 3244 1051 3297 ΜΓ
1063 3245 1167 3301 Welles
1180 3247 1237 3302 cu„
1252 3252 1269 3302 8
1281 3248 1299 3301 J
1301 3249 1352 3303 ulii

409 3323 449 3376 ΜΓ
461 3323 589 3379 Johnson
602 3326 646 3380 Jo.
661 3330 694 3383 17
707 3327 787 3382 Junii
1009 3332 1050 3385 ΜΓ
1062 3333 1219 3404 Wyclrhem
1235 3336 1327 3406 Regel
1341 3341 1358 3391 8
1371 3337 1441 3393 Julii

409 3411 696 3468 solumnodo
865 3458 881 3471 ..

407 3492 733 3552 11111111111.
768 3463 800 3512 ¹³
814 3458 883 3513 ΜΨ
1211 3472 1245 3522 22

218 3849 323 3908 1981
707 3863 865 3930 Doctores
889 3869 924 3931 in
948 3870 1113 3957 theologis

333 4023 504 4082 Conceditur
528 4033 544 4080 5
570 4029 738 4086 Novembris
763 4037 898 4104 magistro
922 4039 1045 4095 1111111111
1072 4043 1189 4114 Younge
1217 4051 1432 4117 proccnoellorio
1457 4060 1489 4107 vt

403 4113 532 4168 studium
553 4117 580 4187 vj
603 4136 743 4176 annorum
764 4123 794 4178 in
816 4126 956 4198 theologie
976 4137 1041 4200 post
1062 4132 1181 4201 gradum
1203 4134 1436 4194 becheleurestus
1457 4141 1485 4196 in

402 4200 499 4256 eedem
512 4213 675 4276 susceptum
688 4227 753 4264 cum
766 4211 875 4268 duobus
887 4217 1064 4272 sermonibus
1076 4237 1131 4274 vno
1143 4221 1179 4276 ad
1191 4224 1296 4279 clerum
1308 4226 1438 4282 11111111
1450 4229 1487 4284 ed

402 4305 512 4343 crucem
525 4289 583 4345 divi
598 4293 678 4348 Pauli
691 4305 720 4350 11
733 4316 788 4352 vna
804 4303 984 4370 responsione
1000 4305 1057 4359 iam
1073 4309 1195 4376 peractis
1211 4312 1333 4367 sufficiet
1348 4316 1374 4368 ei
1391 4314 1427 4370 sd
1444 4317 1486 4372 in÷

402 4375 562 4445 cipiendum
580 4381 608 4434 in
626 4399 705 4437 11111
722 4385 862 4458 theologia
879 4391 919 4444 sic
936 4399 967 4446 vt
984 4394 1044 4447 eius
1061 4394 1194 4452 admissio
1206 4403 1264 4454 stet
1276 4419 1327 4471 pro
1339 4403 1487 4474 completis
