3378 5126
75 411 81 420 ·
188 386 353 473 1585-86]
635 405 749 454 cason
770 403 863 453 soon
885 403 908 451 Δ
1280 385 1344 450 403

259 563 474 630 procuratorum
493 561 568 616 inter
585 577 615 615 se
632 563 662 615 et
681 559 711 614 in
729 576 781 614 suo
799 575 881 630 grege
897 557 1043 630 disputare
1060 555 1097 611 ab
1116 557 1185 612 hora
1201 555 1293 628 prima
1310 555 1346 611 ad

257 646 372 702 tertiam
389 645 610 720 pomeridianam
627 648 657 702 in
674 647 776 703 scholis
793 645 931 702 medicine
942 645 987 700 vel
1003 644 1156 700 rethoricos
1171 648 1201 699 et
1217 642 1348 698 similiter

257 733 413 791 declamare
431 736 524 792 tribus
543 733 643 792 diebus
661 737 691 790 in
710 733 837 806 qualibet
855 733 1015 806 septimana
1032 732 1069 788 ab
1086 732 1155 788 hora
1172 733 1293 804 septima
1310 731 1346 787 ad

258 827 386 879 octavam
400 824 650 881 antemeridianam
665 825 695 879 in
707 823 811 879 scholis
823 820 998 894 philosophie
1010 839 1043 876 ea
1055 821 1114 892 lege
1125 825 1157 875 vt
1169 837 1242 875 vnus
1253 819 1346 874 mode

258 915 384 969 ratorum
396 931 461 969 cum
474 913 546 969 12dm
554 913 590 969 ad
602 913 696 969 minus
708 911 917 968 bacchalaureis
926 910 1031 965 artium
1043 909 1157 965 intersit
1168 925 1233 964 eum
1245 907 1348 964 habiti-

259 1000 312 1056 bus
324 1003 384 1057 suis
400 1002 575 1058 scholasticis
587 1004 616 1057 in
628 1001 754 1073 quolibet
766 999 928 1055 huiusmodi
941 1005 1008 1055 actu
1020 1003 1049 1055 et
1061 999 1224 1070 prefinitum
1235 1001 1349 1070 tempus

260 1089 408 1161 diligenter
422 1091 582 1163 compleant
598 1091 722 1162 alioquin
740 1107 773 1145 ea
787 1089 944 1160 disputatio
959 1088 1018 1143 sive
1030 1086 1197 1142 declamatio
1208 1103 1260 1158 pro
1271 1086 1349 1142 nulla

259 1175 396 1231 habeatur
407 1177 442 1232 de
453 1177 557 1248 quibus
569 1175 654 1232 tidem
665 1175 771 1232 faciant
784 1175 974 1230 moderatores
985 1174 1107 1229 dominis
1123 1171 1349 1245 predicatoribus

259 1264 376 1336 singulis
388 1266 554 1337 septimanis
597 1265 703 1321 Eodem

192 1353 245 1406 Pro
268 1353 463 1422 questionistis
506 1353 579 1409 (lum
606 1353 689 1409 breve
714 1358 743 1408 et
770 1357 945 1408 contractum
974 1352 1013 1407 sit
1036 1356 1150 1422 tempus
1174 1351 1250 1406 inter
1273 1351 1348 1422 prin-

260 1440 366 1512 cipium
395 1441 515 1513 proximi
544 1442 658 1497 termini
683 1446 713 1496 et
739 1441 855 1496 comitia
882 1438 1133 1511 questionistarum
1160 1442 1190 1494 et
1216 1455 1349 1495 numerus

261 1529 517 1601 inaugurandorum
544 1531 635 1586 maior
657 1547 743 1603 quam
767 1535 801 1584 vt
828 1535 942 1601 tempus
966 1527 1036 1584 illud
1062 1545 1113 1600 pro
1137 1527 1277 1583 exercitiis
1300 1545 1351 1599 per

261 1620 371 1672 statuta
389 1617 533 1688 requisitis
552 1618 677 1674 sufficere
696 1618 786 1689 possit
805 1617 898 1689 placet
916 1615 995 1672 vobis
1014 1621 1045 1670 vt
1064 1615 1206 1686 generales
1224 1615 1350 1688 sophista

261 1705 314 1760 hoe
340 1725 414 1762 anno
439 1707 469 1762 in
494 1723 642 1762 numerum
665 1707 928 1762 bacchalaureomm
957 1705 1107 1777 coaptandi
1134 1705 1245 1776 possint
1268 1710 1349 1761 actus

262 1811 328 1849 suos
344 1795 525 1851 scholasticos
542 1813 673 1868 peragere
691 1797 810 1868 singulis
827 1795 928 1851 diebus
946 1795 1078 1866 protestis
1096 1799 1156 1850 tam
1177 1795 1207 1850 in
1228 1795 1349 1851 termino

263 1899 349 1952 quam
367 1889 447 1940 extra
464 1885 618 1941 terminum
637 1885 673 1941 ab
691 1886 747 1942 isto
766 1884 812 1941 die
830 1901 918 1956 esque
938 1884 975 1940 ad
996 1885 1120 1956 primum
1138 1885 1213 1940 diem
1231 1885 1349 1955 quadra-

262 1972 366 2042 gesime
382 1974 507 2044 proxime
523 1975 668 2047 sequentis
685 1980 745 2030 tam
761 1975 791 2030 in
809 1973 904 2029 schola
921 1973 1096 2045 philosophie
1108 1990 1195 2045 qnam
1211 1974 1240 2029 in
1256 1973 1352 2029 schola

263 2057 423 2116 dialectices
441 2062 526 2118 modo
545 2063 575 2116 in
595 2062 699 2118 eisdem
720 2062 823 2118 scholis
842 2061 920 2117 nulla
939 2066 1008 2116 tunc
1027 2062 1066 2117 sit
1086 2061 1244 2134 disputacio
1264 2062 1350 2133 magi·

263 2152 384 2203 atrorum
407 2149 452 2205 vel
476 2149 739 2208 bacchalaureorum
763 2151 800 2206 ab
824 2151 892 2207 hora
916 2168 991 2206 nona
1009 2167 1097 2223 vsque
1118 2151 1153 2206 ad
1174 2151 1349 2207 vndecimam

263 2238 515 2296 antemeridianam
539 2246 570 2295 et
592 2240 629 2295 ab
653 2242 722 2298 hora
745 2241 838 2313 prima
861 2240 897 2296 ad
918 2241 1033 2296 tertiam
1054 2240 1275 2313 pomeridianam
1318 2258 1351 2296 ea

263 2332 359 2382 tamen
384 2328 443 2399 lege
465 2337 496 2384 vt
517 2347 591 2385 vnirs
614 2334 729 2386 tantum
753 2331 783 2385 in
805 2347 861 2386 vna
885 2329 981 2385 schola
1005 2347 1055 2401 per
1076 2330 1217 2400 integrum
1238 2333 1351 2401 tempus

264 2416 432 2488 respondeat
456 2422 486 2473 et
506 2435 580 2474 vnus
603 2418 680 2475 adsit
703 2418 913 2474 moderatorum
936 2435 1002 2473 cum
1026 2417 1173 2474 duodecim
1196 2417 1233 2473 ad
1257 2419 1352 2474 minus

264 2505 399 2576 sophistis
422 2513 452 2563 et
475 2507 636 2563 moderator
659 2507 777 2578 singulis
804 2506 972 2578 septimanis
996 2505 1158 2560 schedulam
1184 2507 1299 2562 nomina
1322 2512 1353 2561 et

265 2593 430 2662 cognomina
447 2593 644 2667 respondentis
661 2599 691 2650 et
709 2592 912 2666 opponentium
931 2591 1012 2646 alteri
1032 2590 1203 2647 bedellorum
1222 2592 1353 2649 exhibeat

266 2679 391 2750 alioquin
409 2698 443 2736 ea
459 2681 619 2754 disputacio
637 2699 688 2753 pro
706 2681 784 2737 nulla
801 2680 941 2736 habeatur

197 2764 362 2835 Disputatio
380 2767 571 2840 philosophica
614 2769 720 2824 Eodem
737 2767 900 2823 conceditur
917 2784 982 2822 cum
999 2767 1059 2822 dies
1077 2766 1112 2822 ad
1132 2768 1352 2840 philosophicam

265 2853 490 2926 disputacionem
514 2875 565 2930 per
588 2863 699 2915 statuta
724 2857 867 2914 academie
892 2857 1027 2928 assignati
1053 2875 1110 2912 non
1133 2857 1278 2913 sufficiunt
1300 2859 1353 2913 hoc

267 2959 340 2996 anno
359 2943 513 3015 incepturis
532 2945 561 3000 in
580 2946 689 3002 artibus
706 2947 799 3020 placet
815 2944 896 3000 vobis
911 2949 943 3000 vt
960 2945 1066 3000 eisdem
1082 2944 1201 3000 liberum
1219 2945 1258 3000 sit
1276 2946 1352 3000 omni

266 3029 390 3100 profesto
404 3030 450 3086 die
465 3031 616 3088 cuiuslibet
630 3036 787 3106 septimane
802 3033 831 3088 in
844 3033 967 3088 termino
978 3033 1188 3104 disputaciones
1199 3037 1229 3089 et
1241 3048 1357 3105 respons

266 3118 358 3174 aiones
375 3137 441 3174 suas
458 3137 523 3175 cum
540 3121 683 3192 magistris
699 3139 829 3194 peragere
845 3127 905 3177 tam
922 3121 952 3176 in
969 3121 1063 3176 schola
1078 3121 1253 3194 philosophie
1267 3141 1353 3194 quam

267 3205 296 3259 in
314 3205 411 3261 schola
428 3206 588 3263 dialectices
606 3206 643 3262 ab
661 3208 729 3264 hora
746 3227 821 3264 nona
838 3208 1061 3265 antemeridiana
1078 3208 1113 3264 ad
1131 3209 1307 3264 undecimam
1325 3216 1354 3265 et

267 3292 303 3346 ab
320 3292 389 3348 hora
404 3294 496 3366 prima
512 3294 549 3350 ad
567 3295 681 3351 tertiam
699 3302 730 3352 et
745 3314 763 3351 a
778 3299 864 3352 tertia
882 3296 918 3353 ad
935 3297 1065 3367 quintam
1083 3297 1304 3368 pomeridianam
1321 3317 1355 3353 ea

267 3381 326 3451 lege
345 3386 378 3436 vt
398 3401 510 3455 semper
529 3385 601 3440 alter
622 3392 832 3456 procuratorum
855 3386 970 3442 intersit
991 3391 1021 3440 et
1039 3403 1111 3440 vnus
1132 3385 1304 3442 bedellorum
1325 3394 1355 3442 et

267 3466 363 3523 decem
380 3469 416 3525 ad
434 3471 529 3525 minus
545 3470 738 3527 bacchalaurei
755 3474 784 3527 in
801 3473 947 3528 habitibus
963 3479 993 3528 et
1008 3473 1170 3544 questiones
1186 3473 1355 3546 disputando

267 3556 337 3612 hora
353 3567 453 3614 octava
468 3566 535 3614 ante
550 3560 773 3632 disputacionam
784 3562 873 3617 valvis
890 3563 1049 3618 scholarum
1068 3561 1188 3634 publicis
1206 3563 1356 3635 affigantur

268 3645 392 3717 alioquin
405 3665 439 3701 ea
451 3647 610 3718 disputacio
622 3666 673 3720 pro
686 3648 763 3704 nulla
774 3648 912 3706 habeatur

200 3732 253 3786 Pro
271 3733 350 3789 cistis
394 3735 500 3790 Eodem
519 3755 583 3792 cum
602 3743 713 3792 statuta
730 3738 865 3794 cistarum
884 3741 1041 3795 custodiam
1060 3746 1090 3797 et
1107 3747 1273 3812 computum
1291 3760 1354 3796 con-

268 3823 413 3877 cernentia
430 3823 516 3878 nimis
534 3824 618 3879 hodie
637 3825 814 3898 negligantur
831 3827 873 3882 ita
890 3832 922 3882 vt
939 3829 1005 3884 inde
1024 3829 1202 3885 vniuersitati
1221 3848 1277 3886 non
1295 3832 1356 3885 love

268 3909 470 3965 detrimentum
488 3912 651 3983 impendere
667 3913 797 3969 videatur
813 3915 904 3986 placet
917 3915 996 3971 vobis
1010 3917 1035 3972 si
1049 3917 1192 3974 auditores
1207 3920 1355 3974 constituti

268 3998 398 4054 cintsides
422 4000 597 4071 superiorum
621 4019 759 4058 annorum
781 4003 817 4058 ad
841 4009 1007 4076 computum
1028 4005 1187 4062 faciendum
1209 4007 1357 4079 clavesque

268 4085 424 4143 reddendas
452 4089 616 4145 distulerint
641 4096 673 4146 vt
698 4091 830 4148 dominus
853 4093 1086 4164 procancellarins
1110 4100 1140 4148 et
1162 4093 1269 4151 domini
1293 4115 1355 4169 pro·

268 4180 410 4232 curatores
434 4195 500 4232 cnm
524 4178 688 4233 assistentia
712 4179 859 4234 doctorum
884 4181 928 4235 rol
953 4181 1140 4253 prefectomm
1164 4182 1281 4239 arbitrio
1305 4203 1357 4240 suo

266 4264 452 4335 regendorum
469 4267 561 4322 dictos
577 4267 707 4324 eiiatodes
724 4267 759 4323 ad
777 4269 957 4325 ratiocinium
973 4270 1102 4326 debitum
1118 4279 1185 4328 ante
1200 4273 1358 4344 ingressum

267 4353 387 4424 proximi
404 4354 519 4410 termini
537 4355 707 4426 compellant
720 4357 765 4412 vel
781 4375 833 4412 sua
850 4359 1018 4414 auctoritate
1034 4360 1120 4415 cistas
1136 4363 1264 4432 aperiant
1278 4368 1307 4418 et
1321 4362 1358 4417 ad

269 4443 379 4496 statum
396 4441 549 4514 pristinum
566 4443 700 4500 restituat
717 4445 779 4515 (sic)

1177 4555 1276 4614 26-2
