3386 5114
776 376 888 423 ennon
911 376 1003 423 soon
1027 377 1049 422 Δ
1332 359 1497 442 [root-65
1534 453 1537 458 1

797 997 1044 1083 [iser-1565]

342 1202 458 1268 Gratie
487 1203 556 1266 sive
583 1203 761 1288 petitiones
787 1225 936 1268 concesse
964 1205 995 1268 in
1025 1207 1122 1291 plena
1152 1209 1403 1295 congregatione
1433 1211 1497 1274 Re-

428 1307 578 1394 gentium
614 1316 649 1373 et
684 1331 748 1372 non
783 1309 983 1394 Regentium
1016 1333 1036 1374 a
1065 1312 1148 1376 festo
1181 1313 1295 1378 Sancti
1327 1314 1498 1379 Michaelis

431 1415 627 1498 Archangeli
658 1437 744 1478 anno
774 1414 898 1479 domini
926 1418 1010 1480 1564
1036 1439 1136 1502 vsque
1160 1417 1247 1482 idem
1273 1419 1392 1483 festum
1418 1428 1497 1484 tunc

430 1519 574 1602 proxime
598 1541 737 1604 sequens
759 1520 905 1585 Roberto
928 1521 1113 1586 Beamount
1134 1545 1223 1587 sacre
1243 1523 1406 1608 theologie
1426 1547 1496 1610 pro-

431 1625 548 1686 fessore
586 1631 664 1686 tunc
703 1624 952 1708 procancellario
986 1633 1021 1688 et
1054 1625 1133 1691 Tho.
1168 1626 1283 1712 Bynge
1317 1637 1351 1692 et
1386 1628 1497 1692 Barth.

431 1725 549 1793 Olarkc
580 1729 842 1814 procuratoribus

344 1913 513 1969 Conceditur
532 1919 577 1967 11ο
593 1913 725 1968 Octobris
742 1919 774 1968 vt
791 1931 888 1968 omnes
904 1915 994 1984 gratie
1010 1914 1186 1970 admittendo
1204 1933 1253 1986 per
1270 1914 1416 1973 dominum
1436 1936 1498 1989 pro-

414 2003 610 2056 eancsllarium
622 2002 749 2056 doctores
763 2001 845 2073 Maye
859 2002 943 2056 lthell
959 2006 988 2057 et
1004 2003 1058 2058 Gar
1075 2006 1223 2072 magistros
1240 2004 1330 2076 Ledys
1346 2010 1376 2060 et
1394 2006 1500 2060 Master

414 2093 524 2162 possint
547 2109 710 2146 concurrere
734 2093 765 2146 in
788 2096 912 2161 quatuor
932 2092 1193 2162 congregationibus
1216 2093 1299 2148 huius
1320 2095 1387 2150 anni
1406 2095 1447 2148 sic
1467 2098 1499 2148 vt

414 2197 511 2234 omnes
523 2179 702 2233 consentiant

344 2267 514 2322 Conceditur
525 2266 568 2322 Jo.
581 2266 724 2320 Hansome
737 2270 767 2319 vt
782 2271 814 2319 12
827 2266 901 2336 pleni
914 2267 1029 2321 termini
1042 2267 1186 2338 inquibus
1199 2269 1332 2324 lectiones
1344 2270 1499 2325 ordinarias

414 2356 524 2411 audivit
540 2356 606 2410 licet
623 2373 680 2410 non
697 2357 812 2410 omnino
827 2355 983 2410 secundum
999 2357 1118 2411 formam
1137 2359 1238 2412 statuti
1258 2376 1314 2412 vna
1331 2376 1395 2413 cum
1414 2377 1498 2429 oppo-

414 2445 564 2500 sitionibus
577 2445 807 2516 responsionibus
815 2450 844 2499 et
856 2445 920 2498 aliis
932 2447 1071 2500 exercitiis
1083 2463 1133 2516 per
1141 2446 1227 2516 Regio
1236 2452 1347 2501 statuta
1356 2448 1498 2518 requisitis

415 2535 472 2588 iam
483 2533 594 2605 publice
607 2535 728 2604 peractis
740 2535 881 2588 sufficiant
896 2535 921 2589 ei
937 2535 973 2588 ad
990 2535 1215 2605 respondendum
1232 2537 1373 2606 questioni
1388 2543 1417 2590 et
1432 2536 1499 2608 quia

415 2623 476 2676 sine
485 2623 607 2675 maximo
616 2638 667 2675 suo
676 2621 852 2675 incommodo
861 2621 897 2676 ad
907 2623 1094 2694 prescriptum
1104 2628 1217 2694 tempus
1225 2624 1329 2693 gradm
1338 2624 1498 2679 assumendi

417 2727 528 2764 manere
541 2727 596 2764 non
609 2715 704 2780 potest
715 2710 848 2764 admissio
861 2711 920 2764 cius
933 2717 990 2765 stet
1002 2729 1053 2781 pro
1064 2711 1213 2782 completis
1225 2713 1316 2766 forma
1324 2719 1354 2767 et
1362 2711 1449 2782 gradu
1458 2713 1499 2766 sic

416 2802 448 2851 vt
471 2798 646 2852 examinetur
669 2803 699 2851 et
722 2797 894 2868 approbetur
918 2816 967 2869 per
990 2799 1113 2869 aliquem
1139 2800 1243 2854 artium
1266 2801 1431 2870 magistrum
1449 2818 1500 2871 per

415 2885 562 2938 dominum
589 2885 843 2939 vimcancellarium
871 2885 1048 2955 designatum
1097 2888 1230 2958 Magister
1258 2889 1385 2960 Deryngc
1413 2888 1500 2959 philo-

416 2971 513 3043 sophie
532 2972 668 3042 prslector
685 2972 853 3044 approbavit

346 3111 517 3167 Conceditur
530 3118 559 3166 ll
575 3112 706 3168 Octobris
719 3115 826 3169 Simoni
840 3115 958 3186 Smythe
972 3122 1004 3169 vt
1023 3120 1055 3170 12
1070 3118 1186 3172 termini
1201 3117 1230 3171 in
1246 3115 1350 3187 quibus
1366 3118 1500 3172 lectiones

417 3200 571 3256 ordinarias
588 3202 698 3256 audivit
716 3203 782 3257 licet
800 3221 855 3257 non
875 3205 989 3259 omnino
1008 3204 1161 3259 secundum
1181 3206 1297 3260 sormam
1316 3205 1418 3260 statuti
1434 3222 1499 3260 cum

417 3288 640 3360 oppositionibus
663 3289 891 3360 responsionibus
915 3296 944 3345 et
968 3291 1031 3346 aliis
1055 3293 1195 3346 exercitiis
1216 3309 1266 3362 per
1288 3293 1373 3362 Regia
1391 3297 1500 3348 statuta
1590 3315 1596 3324 ¹

417 3375 561 3445 requisitis
572 3376 714 3430 sufficiant
726 3377 751 3430 ei
763 3376 799 3431 ad
812 3376 1036 3448 respondendum
1048 3378 1188 3447 questioni

348 3457 455 3512 Eadem
482 3459 573 3528 gratia
599 3458 762 3514 conceditur
788 3464 820 3513 15
846 3460 1008 3514 Decembris
1034 3461 1175 3515 Ludovico
1200 3460 1336 3514 Yeoloton
1364 3459 1500 3515 Eduardo

419 3547 548 3618 Byshopc
557 3547 579 3601 F
581 3565 654 3602 ranc.
669 3547 782 3618 Cockyn
795 3547 916 3603 Roborto
924 3549 1037 3620 Sawyer
1046 3549 1093 3604 W⁰
1103 3551 1173 3619 Ssgc
1182 3549 1251 3603 Tho.
1262 3551 1366 3604 Suttcn
1375 3549 1393 3603 J
1395 3549 1500 3603 ohanni

419 3636 541 3691 Stallard
567 3637 673 3691 Thome
697 3637 891 3692 Vnderdowne
915 3638 1055 3693 Willelmo
1079 3638 1176 3692 lamas
1197 3637 1293 3692 Barth.
1320 3637 1431 3691 Heothe
1455 3637 1498 3692 W.

419 3723 542 3778 Stanton
556 3724 624 3778 Red.
639 3724 762 3778 Wadson

419 3901 501 3955 Nich.
517 3901 617 3970 Kynge
630 3899 729 3954 Oarolo
743 3901 858 3955 Browne
870 3907 900 3954 et
913 3902 1044 3957 Christos.
1060 3900 1183 3956 Helland

348 3989 519 4043 Conceditur
536 3987 622 4059 xxvjl⁰
639 3987 768 4041 Januarii
787 3987 917 4041 hlichaeli
936 3988 1044 4043 Helsall
1061 3994 1092 4042 vt
1111 3994 1143 4043 12
1158 3989 1270 4043 termini
1288 3989 1317 4042 in
1333 3987 1436 4060 quibus
1448 3989 1500 4042 lec·

419 4079 510 4131 tiones
527 4076 681 4130 ordinarias
693 4076 802 4131 audivit
815 4077 880 4131 licet
893 4095 948 4131 non
961 4080 1075 4132 omnino
1092 4079 1246 4133 secundum
1263 4079 1381 4132 formam
1398 4078 1502 4132 statuti

419 4184 483 4220 cum
496 4166 720 4236 oppositionibus
737 4165 965 4236 responsionibus
977 4173 1005 4220 et
1017 4167 1080 4220 aliis
1092 4167 1232 4221 exercitiis
1244 4184 1294 4237 per
1305 4169 1415 4220 statuta
1426 4166 1503 4236 regia

420 4253 564 4324 requisitis
576 4253 718 4307 sufficiant
730 4254 753 4306 ei
768 4253 803 4306 ad
816 4253 1039 4323 respondendum
1052 4255 1193 4324 questioni

349 4343 455 4397 Eadem
468 4343 559 4412 gratia
571 4341 732 4396 conceditur
744 4341 839 4396 eodem
854 4343 949 4412 Steph.
969 4342 1103 4413 Lymbert
1118 4343 1199 4397 Edm
1217 4343 1367 4413 Robynson
1384 4340 1503 4396 Ricardo

420 4429 596 4500 Remyngtcn
622 4428 719 4482 Ambr.
746 4429 891 4499 Copynger
914 4429 985 4483 Han.
1006 4431 1140 4500 Blaxston
1160 4430 1229 4484 Rob.
1253 4429 1376 4500 Norgate
1395 4429 1503 4484 Simoni
