<?xml version="1.0" encoding="UTF-8"?>
<!DOCTYPE html PUBLIC "-//W3C//DTD XHTML 1.0 Transitional//EN"
    "http://www.w3.org/TR/xhtml1/DTD/xhtml1-transitional.dtd">
<html xmlns="http://www.w3.org/1999/xhtml" xml:lang="en" lang="en">
 <head>
  <title>
</title>
<meta http-equiv="Content-Type" content="text/html;charset=utf-8" />
  <meta name='ocr-system' content='tesseract 3.04.00' />
  <meta name='ocr-capabilities' content='ocr_page ocr_carea ocr_par ocr_line ocrx_word'/>
</head>
<body>
  <div class='ocr_page' id='page_1' title='image "./gracebookgreekl00venngoog_0226.png"; bbox 0 0 3394 5114; ppageno 0'>
   <div class='ocr_carea' id='block_1_1' title="bbox 119 240 1364 364">
    <p class='ocr_par' dir='ltr' id='par_1_1' title="bbox 119 240 1364 364">
     <span class='ocr_line' id='line_1_1' title="bbox 119 240 1364 364; baseline 0.005 -20"><span class='ocrx_word' id='word_1_1' title='bbox 119 240 124 247; x_wconf 27' lang='grc'>’</span> <span class='ocrx_word' id='word_1_2' title='bbox 207 280 372 364; x_wconf 86' lang='grc'><strong>1565-66]</strong></span> <span class='ocrx_word' id='word_1_3' title='bbox 640 296 755 344; x_wconf 71' lang='lat' dir='ltr'>canon</span> <span class='ocrx_word' id='word_1_4' title='bbox 777 297 871 344; x_wconf 77' lang='lat' dir='ltr'>nonu</span> <span class='ocrx_word' id='word_1_5' title='bbox 895 299 917 344; x_wconf 82' lang='grc' dir='ltr'>Δ</span> <span class='ocrx_word' id='word_1_6' title='bbox 1301 287 1364 350; x_wconf 87' lang='grc'>193</span> 
     </span>
    </p>
   </div>
   <div class='ocr_carea' id='block_1_2' title="bbox 204 448 1436 1754">
    <p class='ocr_par' dir='ltr' id='par_1_2' title="bbox 205 448 1436 614">
     <span class='ocr_line' id='line_1_2' title="bbox 205 448 1436 526; baseline 0.003 -20"><span class='ocrx_word' id='word_1_7' title='bbox 205 449 376 507; x_wconf 76' lang='lat' dir='ltr'>Conceditur</span> <span class='ocrx_word' id='word_1_8' title='bbox 386 451 485 508; x_wconf 88' lang='lat' dir='ltr'>eodem</span> <span class='ocrx_word' id='word_1_9' title='bbox 498 452 618 508; x_wconf 86' lang='lat' dir='ltr'>Ricardc</span> <span class='ocrx_word' id='word_1_10' title='bbox 634 453 743 509; x_wconf 88' lang='lat' dir='ltr'>Burtcn</span> <span class='ocrx_word' id='word_1_11' title='bbox 761 457 794 508; x_wconf 88' lang='lat' dir='ltr'>vt</span> <span class='ocrx_word' id='word_1_12' title='bbox 812 456 842 508; x_wconf 94' lang='lat'>11</span> <span class='ocrx_word' id='word_1_13' title='bbox 861 452 977 508; x_wconf 86' lang='lat' dir='ltr'>termini</span> <span class='ocrx_word' id='word_1_14' title='bbox 994 469 1059 508; x_wconf 89' lang='lat' dir='ltr'>cum</span> <span class='ocrx_word' id='word_1_15' title='bbox 1075 454 1197 510; x_wconf 89' lang='lat' dir='ltr'>termino</span> <span class='ocrx_word' id='word_1_16' title='bbox 1213 455 1244 510; x_wconf 90' lang='lat' dir='ltr'>in</span> <span class='ocrx_word' id='word_1_17' title='bbox 1260 473 1317 526; x_wconf 88' lang='lat' dir='ltr'>quo</span> <span class='ocrx_word' id='word_1_18' title='bbox 1332 455 1363 510; x_wconf 88' lang='lat' dir='ltr'>in</span> <span class='ocrx_word' id='word_1_19' title='bbox 1432 448 1436 454; x_wconf 76' lang='grc'><strong>’</strong></span> 
     </span>
     <span class='ocr_line' id='line_1_3' title="bbox 275 539 1078 614; baseline 0.001 -19"><span class='ocrx_word' id='word_1_20' title='bbox 275 539 379 610; x_wconf 82' lang='lat' dir='ltr'>quibus</span> <span class='ocrx_word' id='word_1_21' title='bbox 390 547 443 597; x_wconf 79' lang='lat' dir='ltr'>ete.</span> <span class='ocrx_word' id='word_1_22' title='bbox 456 541 597 597; x_wconf 82' lang='lat' dir='ltr'>sufficiant</span> <span class='ocrx_word' id='word_1_23' title='bbox 609 541 635 597; x_wconf 91' lang='lat' dir='ltr'>ei</span> <span class='ocrx_word' id='word_1_24' title='bbox 647 541 684 597; x_wconf 79' lang='lat' dir='ltr'>cd</span> <span class='ocrx_word' id='word_1_25' title='bbox 696 540 922 614; x_wconf 85' lang='lat' dir='ltr'>respondendum</span> <span class='ocrx_word' id='word_1_26' title='bbox 934 541 1078 612; x_wconf 78' lang='lat' dir='ltr'>questioni</span> 
     </span>
    </p>

    <p class='ocr_par' dir='ltr' id='par_1_3' title="bbox 204 625 1241 698">
     <span class='ocr_line' id='line_1_4' title="bbox 204 625 1241 698; baseline 0.002 -17"><span class='ocrx_word' id='word_1_27' title='bbox 204 625 310 682; x_wconf 71' lang='lat' dir='ltr'>Eadem</span> <span class='ocrx_word' id='word_1_28' title='bbox 322 626 415 698; x_wconf 79' lang='lat' dir='ltr'>gratia</span> <span class='ocrx_word' id='word_1_29' title='bbox 426 627 588 684; x_wconf 87' lang='lat' dir='ltr'>conceditur</span> <span class='ocrx_word' id='word_1_30' title='bbox 599 628 697 684; x_wconf 85' lang='lat' dir='ltr'>eodem</span> <span class='ocrx_word' id='word_1_31' title='bbox 710 627 829 684; x_wconf 73' lang='lat' dir='ltr'>Ricardo</span> <span class='ocrx_word' id='word_1_32' title='bbox 841 627 959 698; x_wconf 80' lang='lat' dir='ltr'>Younge</span> <span class='ocrx_word' id='word_1_33' title='bbox 970 631 1001 683; x_wconf 88' lang='lat' dir='ltr'>et</span> <span class='ocrx_word' id='word_1_34' title='bbox 1013 627 1112 684; x_wconf 80' lang='lat' dir='ltr'>Gwalt</span> <span class='ocrx_word' id='word_1_35' title='bbox 1129 628 1241 684; x_wconf 90' lang='lat' dir='ltr'>Kenion</span> 
     </span>
    </p>

    <p class='ocr_par' dir='ltr' id='par_1_4' title="bbox 205 713 1362 857">
     <span class='ocr_line' id='line_1_5' title="bbox 205 713 1362 787; baseline 0.003 -19"><span class='ocrx_word' id='word_1_36' title='bbox 205 713 374 770; x_wconf 82' lang='lat' dir='ltr'>Conceditur</span> <span class='ocrx_word' id='word_1_37' title='bbox 386 733 423 770; x_wconf 83' lang='lat' dir='ltr'>xv</span> <span class='ocrx_word' id='word_1_38' title='bbox 436 715 582 771; x_wconf 74' lang='lat' dir='ltr'><strong>Februarii</strong></span> <span class='ocrx_word' id='word_1_39' title='bbox 596 715 663 773; x_wconf 88' lang='lat' dir='ltr'>Rob.</span> <span class='ocrx_word' id='word_1_40' title='bbox 678 715 772 771; x_wconf 82' lang='lat' dir='ltr'>Gooke</span> <span class='ocrx_word' id='word_1_41' title='bbox 783 721 815 771; x_wconf 83' lang='lat' dir='ltr'>vt</span> <span class='ocrx_word' id='word_1_42' title='bbox 829 719 863 771; x_wconf 83' lang='lat' dir='ltr'>la</span> <span class='ocrx_word' id='word_1_43' title='bbox 875 715 990 772; x_wconf 78' lang='lat' dir='ltr'>termini</span> <span class='ocrx_word' id='word_1_44' title='bbox 1002 716 1033 772; x_wconf 89' lang='lat' dir='ltr'>in</span> <span class='ocrx_word' id='word_1_45' title='bbox 1044 715 1149 787; x_wconf 78' lang='lat' dir='ltr'>quibus</span> <span class='ocrx_word' id='word_1_46' title='bbox 1157 720 1209 772; x_wconf 85' lang='lat' dir='ltr'>etc.</span> <span class='ocrx_word' id='word_1_47' title='bbox 1220 716 1362 772; x_wconf 77' lang='lat' dir='ltr'>sufficiant</span> 
     </span>
     <span class='ocr_line' id='line_1_6' title="bbox 277 805 329 857; baseline 0.038 -2"><span class='ocrx_word' id='word_1_48' title='bbox 277 805 329 857; x_wconf 87' lang='lat' dir='ltr'>eto.</span> 
     </span>
    </p>

    <p class='ocr_par' dir='ltr' id='par_1_5' title="bbox 205 887 1285 963">
     <span class='ocr_line' id='line_1_7' title="bbox 205 887 1285 963; baseline 0.004 -21"><span class='ocrx_word' id='word_1_49' title='bbox 205 887 340 944; x_wconf 78' lang='lat' dir='ltr'>Christos.</span> <span class='ocrx_word' id='word_1_50' title='bbox 354 890 473 945; x_wconf 71' lang='lat' dir='ltr'>Wataon</span> <span class='ocrx_word' id='word_1_51' title='bbox 485 889 583 946; x_wconf 82' lang='lat' dir='ltr'>eedem</span> <span class='ocrx_word' id='word_1_52' title='bbox 594 891 686 963; x_wconf 79' lang='lat' dir='ltr'>gratia</span> <span class='ocrx_word' id='word_1_53' title='bbox 697 890 859 946; x_wconf 82' lang='lat' dir='ltr'>conceditur</span> <span class='ocrx_word' id='word_1_54' title='bbox 871 890 968 945; x_wconf 87' lang='lat' dir='ltr'>eodem</span> <span class='ocrx_word' id='word_1_55' title='bbox 980 894 1010 946; x_wconf 87' lang='lat' dir='ltr'>et</span> <span class='ocrx_word' id='word_1_56' title='bbox 1023 890 1142 946; x_wconf 78' lang='lat' dir='ltr'>Ricardo</span> <span class='ocrx_word' id='word_1_57' title='bbox 1155 891 1285 946; x_wconf 80' lang='lat' dir='ltr'>Fletcher</span> 
     </span>
    </p>

    <p class='ocr_par' dir='ltr' id='par_1_6' title="bbox 205 974 1205 1050">
     <span class='ocr_line' id='line_1_8' title="bbox 205 974 1205 1050; baseline 0.004 -20"><span class='ocrx_word' id='word_1_58' title='bbox 205 974 375 1032; x_wconf 80' lang='lat' dir='ltr'>Conceditur</span> <span class='ocrx_word' id='word_1_59' title='bbox 385 977 483 1032; x_wconf 85' lang='lat' dir='ltr'>eodem</span> <span class='ocrx_word' id='word_1_60' title='bbox 495 977 593 1032; x_wconf 83' lang='lat' dir='ltr'>eadem</span> <span class='ocrx_word' id='word_1_61' title='bbox 604 979 696 1049; x_wconf 79' lang='lat' dir='ltr'>gratia</span> <span class='ocrx_word' id='word_1_62' title='bbox 708 996 772 1032; x_wconf 85' lang='lat' dir='ltr'>curn</span> <span class='ocrx_word' id='word_1_63' title='bbox 785 997 803 1033; x_wconf 84' lang='lat' dir='ltr'>x</span> <span class='ocrx_word' id='word_1_64' title='bbox 815 979 946 1034; x_wconf 81' lang='lat' dir='ltr'>terminia</span> <span class='ocrx_word' id='word_1_65' title='bbox 960 978 1106 1050; x_wconf 86' lang='lat' dir='ltr'>Rodolpho</span> <span class='ocrx_word' id='word_1_66' title='bbox 1118 979 1205 1034; x_wconf 77' lang='lat' dir='ltr'>Jonas</span> 
     </span>
    </p>

    <p class='ocr_par' dir='ltr' id='par_1_7' title="bbox 206 1063 1363 1227">
     <span class='ocr_line' id='line_1_9' title="bbox 206 1063 1363 1139; baseline 0.003 -20"><span class='ocrx_word' id='word_1_67' title='bbox 206 1063 376 1121; x_wconf 74' lang='lat' dir='ltr'>Conceditur</span> <span class='ocrx_word' id='word_1_68' title='bbox 388 1071 434 1122; x_wconf 74' lang='lat'>220</span> <span class='ocrx_word' id='word_1_69' title='bbox 446 1066 591 1122; x_wconf 76' lang='lat' dir='ltr'>Februarii</span> <span class='ocrx_word' id='word_1_70' title='bbox 604 1067 700 1122; x_wconf 88' lang='lat' dir='ltr'>Jacob.</span> <span class='ocrx_word' id='word_1_71' title='bbox 714 1068 859 1139; x_wconf 81' lang='lat' dir='ltr'>Taylorvt</span> <span class='ocrx_word' id='word_1_72' title='bbox 873 1072 905 1122; x_wconf 80' lang='lat'>12</span> <span class='ocrx_word' id='word_1_73' title='bbox 918 1067 1031 1124; x_wconf 87' lang='lat' dir='ltr'>termini</span> <span class='ocrx_word' id='word_1_74' title='bbox 1049 1067 1078 1122; x_wconf 90' lang='lat' dir='ltr'>in</span> <span class='ocrx_word' id='word_1_75' title='bbox 1095 1065 1199 1138; x_wconf 87' lang='lat' dir='ltr'>quibua</span> <span class='ocrx_word' id='word_1_76' title='bbox 1214 1073 1267 1122; x_wconf 88' lang='lat' dir='ltr'>etc.</span> <span class='ocrx_word' id='word_1_77' title='bbox 1286 1067 1363 1122; x_wconf 80' lang='lat' dir='ltr'>suffi-</span> 
     </span>
     <span class='ocr_line' id='line_1_10' title="bbox 276 1154 838 1227; baseline 0.004 -19"><span class='ocrx_word' id='word_1_78' title='bbox 276 1155 353 1209; x_wconf 89' lang='lat' dir='ltr'>ciant</span> <span class='ocrx_word' id='word_1_79' title='bbox 365 1155 391 1208; x_wconf 88' lang='lat' dir='ltr'>ei</span> <span class='ocrx_word' id='word_1_80' title='bbox 405 1154 441 1209; x_wconf 82' lang='lat' dir='ltr'>ed</span> <span class='ocrx_word' id='word_1_81' title='bbox 454 1154 680 1226; x_wconf 79' lang='lat' dir='ltr'>respondendum</span> <span class='ocrx_word' id='word_1_82' title='bbox 696 1156 838 1227; x_wconf 80' lang='lat' dir='ltr'>questioni</span> 
     </span>
    </p>

    <p class='ocr_par' dir='ltr' id='par_1_8' title="bbox 206 1241 1362 1490">
     <span class='ocr_line' id='line_1_11' title="bbox 206 1241 1362 1314; baseline 0.001 -19"><span class='ocrx_word' id='word_1_83' title='bbox 206 1241 312 1296; x_wconf 85' lang='lat' dir='ltr'>Eadem</span> <span class='ocrx_word' id='word_1_84' title='bbox 328 1243 419 1313; x_wconf 79' lang='lat' dir='ltr'>gretia</span> <span class='ocrx_word' id='word_1_85' title='bbox 435 1243 599 1298; x_wconf 72' lang='lat' dir='ltr'>conceditur</span> <span class='ocrx_word' id='word_1_86' title='bbox 615 1244 712 1299; x_wconf 86' lang='lat' dir='ltr'>eodem</span> <span class='ocrx_word' id='word_1_87' title='bbox 731 1243 814 1298; x_wconf 75' lang='lat' dir='ltr'>F&#39;ran.</span> <span class='ocrx_word' id='word_1_88' title='bbox 835 1243 952 1298; x_wconf 82' lang='lat' dir='ltr'>Wateon</span> <span class='ocrx_word' id='word_1_89' title='bbox 970 1243 988 1297; x_wconf 83' lang='lat' dir='ltr'>J</span> <span class='ocrx_word' id='word_1_90' title='bbox 990 1261 1013 1297; x_wconf 94' lang='lat' dir='ltr'>o.</span> <span class='ocrx_word' id='word_1_91' title='bbox 1032 1242 1144 1314; x_wconf 87' lang='lat' dir='ltr'>Droope</span> <span class='ocrx_word' id='word_1_92' title='bbox 1161 1241 1229 1298; x_wconf 89' lang='lat' dir='ltr'>Rob.</span> <span class='ocrx_word' id='word_1_93' title='bbox 1251 1241 1362 1312; x_wconf 83' lang='lat' dir='ltr'>Hoeego</span> 
     </span>
     <span class='ocr_line' id='line_1_12' title="bbox 276 1328 1360 1402; baseline 0 -18"><span class='ocrx_word' id='word_1_94' title='bbox 276 1330 320 1386; x_wconf 85' lang='lat' dir='ltr'>Jo.</span> <span class='ocrx_word' id='word_1_95' title='bbox 336 1330 501 1386; x_wconf 79' lang='lat' dir='ltr'>Wolsenden</span> <span class='ocrx_word' id='word_1_96' title='bbox 520 1336 550 1387; x_wconf 87' lang='lat' dir='ltr'>et</span> <span class='ocrx_word' id='word_1_97' title='bbox 567 1348 632 1386; x_wconf 89' lang='lat' dir='ltr'>cum</span> <span class='ocrx_word' id='word_1_98' title='bbox 652 1331 677 1402; x_wconf 82' lang='lat' dir='ltr'>xj</span> <span class='ocrx_word' id='word_1_99' title='bbox 699 1331 828 1386; x_wconf 83' lang='lat' dir='ltr'>terminia</span> <span class='ocrx_word' id='word_1_100' title='bbox 840 1330 914 1386; x_wconf 83' lang='lat' dir='ltr'>And.</span> <span class='ocrx_word' id='word_1_101' title='bbox 929 1330 1020 1401; x_wconf 80' lang='lat' dir='ltr'>Laoye</span> <span class='ocrx_word' id='word_1_102' title='bbox 1032 1328 1173 1385; x_wconf 86' lang='lat' dir='ltr'>Willelmo</span> <span class='ocrx_word' id='word_1_103' title='bbox 1187 1329 1267 1402; x_wconf 79' lang='lat' dir='ltr'>Hayt</span> <span class='ocrx_word' id='word_1_104' title='bbox 1280 1329 1360 1384; x_wconf 87' lang='lat' dir='ltr'>Geor.</span> 
     </span>
     <span class='ocr_line' id='line_1_13' title="bbox 277 1417 405 1490; baseline 0 -18"><span class='ocrx_word' id='word_1_105' title='bbox 277 1417 405 1490; x_wconf 79' lang='lat' dir='ltr'>Wenyffe</span> 
     </span>
    </p>

    <p class='ocr_par' dir='ltr' id='par_1_9' title="bbox 206 1505 1362 1667">
     <span class='ocr_line' id='line_1_14' title="bbox 206 1505 1362 1564; baseline -0.003 -1"><span class='ocrx_word' id='word_1_106' title='bbox 206 1505 377 1563; x_wconf 78' lang='lat' dir='ltr'>Conceditur</span> <span class='ocrx_word' id='word_1_107' title='bbox 392 1507 490 1564; x_wconf 88' lang='lat' dir='ltr'>eodem</span> <span class='ocrx_word' id='word_1_108' title='bbox 506 1511 539 1562; x_wconf 86' lang='lat' dir='ltr'>vt</span> <span class='ocrx_word' id='word_1_109' title='bbox 557 1511 586 1562; x_wconf 94' lang='lat' dir='ltr'>ll</span> <span class='ocrx_word' id='word_1_110' title='bbox 605 1507 720 1562; x_wconf 85' lang='lat' dir='ltr'>termini</span> <span class='ocrx_word' id='word_1_111' title='bbox 736 1511 788 1563; x_wconf 86' lang='lat' dir='ltr'>eto.</span> <span class='ocrx_word' id='word_1_112' title='bbox 806 1507 948 1562; x_wconf 81' lang='lat' dir='ltr'>sufficiant</span> <span class='ocrx_word' id='word_1_113' title='bbox 965 1505 1008 1562; x_wconf 87' lang='lat' dir='ltr'>Jo.</span> <span class='ocrx_word' id='word_1_114' title='bbox 1028 1506 1120 1561; x_wconf 86' lang='lat' dir='ltr'>Locke</span> <span class='ocrx_word' id='word_1_115' title='bbox 1136 1509 1189 1560; x_wconf 87' lang='lat' dir='ltr'>etc.</span> <span class='ocrx_word' id='word_1_116' title='bbox 1203 1505 1244 1560; x_wconf 79' lang='lat' dir='ltr'>sic</span> <span class='ocrx_word' id='word_1_117' title='bbox 1256 1509 1289 1561; x_wconf 88' lang='lat' dir='ltr'>vt</span> <span class='ocrx_word' id='word_1_118' title='bbox 1300 1506 1362 1560; x_wconf 82' lang='lat' dir='ltr'>eius</span> 
     </span>
     <span class='ocr_line' id='line_1_15' title="bbox 277 1594 1036 1667; baseline -0.003 -17"><span class='ocrx_word' id='word_1_119' title='bbox 277 1595 398 1650; x_wconf 78' lang='lat' dir='ltr'>eruditio</span> <span class='ocrx_word' id='word_1_120' title='bbox 410 1595 582 1667; x_wconf 76' lang='lat' dir='ltr'>approbetur</span> <span class='ocrx_word' id='word_1_121' title='bbox 593 1611 643 1666; x_wconf 84' lang='lat' dir='ltr'>per</span> <span class='ocrx_word' id='word_1_122' title='bbox 655 1595 860 1650; x_wconf 74' lang='lat' dir='ltr'>examinatores</span> <span class='ocrx_word' id='word_1_123' title='bbox 871 1594 956 1650; x_wconf 83' lang='lat' dir='ltr'>huius</span> <span class='ocrx_word' id='word_1_124' title='bbox 968 1594 1036 1648; x_wconf 87' lang='lat' dir='ltr'>anni</span> 
     </span>
    </p>

    <p class='ocr_par' dir='ltr' id='par_1_10' title="bbox 206 1681 1363 1754">
     <span class='ocr_line' id='line_1_16' title="bbox 206 1681 1363 1754; baseline -0.002 -15"><span class='ocrx_word' id='word_1_125' title='bbox 206 1683 279 1739; x_wconf 74' lang='lat' dir='ltr'>cnm</span> <span class='ocrx_word' id='word_1_126' title='bbox 292 1683 347 1738; x_wconf 81' lang='lat' dir='ltr'>hiis</span> <span class='ocrx_word' id='word_1_127' title='bbox 359 1683 618 1741; x_wconf 80' lang='lat' dir='ltr'>determinauerunt</span> <span class='ocrx_word' id='word_1_128' title='bbox 630 1701 663 1739; x_wconf 87' lang='lat' dir='ltr'>ex</span> <span class='ocrx_word' id='word_1_129' title='bbox 676 1683 791 1754; x_wconf 83' lang='lat' dir='ltr'>collegio</span> <span class='ocrx_word' id='word_1_130' title='bbox 804 1682 890 1753; x_wconf 79' lang='lat' dir='ltr'>Regio</span> <span class='ocrx_word' id='word_1_131' title='bbox 902 1681 1006 1754; x_wconf 84' lang='lat' dir='ltr'>quibus</span> <span class='ocrx_word' id='word_1_132' title='bbox 1018 1681 1096 1737; x_wconf 81' lang='lat' dir='ltr'>nulla</span> <span class='ocrx_word' id='word_1_133' title='bbox 1109 1681 1200 1752; x_wconf 83' lang='lat' dir='ltr'>petita</span> <span class='ocrx_word' id='word_1_134' title='bbox 1211 1685 1255 1736; x_wconf 85' lang='lat' dir='ltr'>eat</span> <span class='ocrx_word' id='word_1_135' title='bbox 1271 1698 1363 1752; x_wconf 90' lang='lat' dir='ltr'>neque</span> 
     </span>
    </p>
   </div>
   <div class='ocr_carea' id='block_1_3' title="bbox 277 1767 1471 1842">
    <p class='ocr_par' dir='ltr' id='par_1_11' title="bbox 277 1767 1471 1842">
     <span class='ocr_line' id='line_1_17' title="bbox 277 1767 1471 1842; baseline -0.002 -17"><span class='ocrx_word' id='word_1_136' title='bbox 277 1789 407 1826; x_wconf 80' lang='lat' dir='ltr'>concessa</span> <span class='ocrx_word' id='word_1_137' title='bbox 419 1775 464 1826; x_wconf 83' lang='lat' dir='ltr'>eet</span> <span class='ocrx_word' id='word_1_138' title='bbox 475 1771 565 1842; x_wconf 80' lang='lat' dir='ltr'>gratia</span> <span class='ocrx_word' id='word_1_139' title='bbox 577 1769 615 1825; x_wconf 90' lang='lat' dir='ltr'>ab</span> <span class='ocrx_word' id='word_1_140' title='bbox 626 1770 769 1825; x_wconf 76' lang='lat' dir='ltr'>academia</span> <span class='ocrx_word' id='word_1_141' title='bbox 778 1769 847 1826; x_wconf 88' lang='lat' dir='ltr'>Rcb.</span> <span class='ocrx_word' id='word_1_142' title='bbox 859 1770 994 1841; x_wconf 80' lang='lat' dir='ltr'>Aldridge</span> <span class='ocrx_word' id='word_1_143' title='bbox 1004 1769 1107 1825; x_wconf 86' lang='lat' dir='ltr'>Matth.</span> <span class='ocrx_word' id='word_1_144' title='bbox 1119 1769 1192 1824; x_wconf 82' lang='lat' dir='ltr'>Bust</span> <span class='ocrx_word' id='word_1_145' title='bbox 1200 1767 1218 1824; x_wconf 89' lang='lat' dir='ltr'><strong>J</strong></span> <span class='ocrx_word' id='word_1_146' title='bbox 1220 1787 1244 1824; x_wconf 92' lang='lat' dir='ltr'>o.</span> <span class='ocrx_word' id='word_1_147' title='bbox 1255 1768 1363 1824; x_wconf 76' lang='lat' dir='ltr'>Archon</span> <span class='ocrx_word' id='word_1_148' title='bbox 1469 1783 1471 1788; x_wconf 77' lang='grc'>’</span> 
     </span>
    </p>
   </div>
   <div class='ocr_carea' id='block_1_4' title="bbox 277 1855 1363 2020">
    <p class='ocr_par' dir='ltr' id='par_1_12' title="bbox 277 1855 1363 2020">
     <span class='ocr_line' id='line_1_18' title="bbox 279 1855 1363 1931; baseline -0.002 -18"><span class='ocrx_word' id='word_1_149' title='bbox 279 1858 337 1915; x_wconf 84' lang='lat' dir='ltr'>Ric.</span> <span class='ocrx_word' id='word_1_150' title='bbox 360 1858 445 1931; x_wconf 85' lang='lat' dir='ltr'>Wyld</span> <span class='ocrx_word' id='word_1_151' title='bbox 464 1860 533 1916; x_wconf 88' lang='lat' dir='ltr'>Tho.</span> <span class='ocrx_word' id='word_1_152' title='bbox 553 1859 654 1914; x_wconf 85' lang='lat' dir='ltr'>Orame</span> <span class='ocrx_word' id='word_1_153' title='bbox 676 1859 761 1914; x_wconf 87' lang='lat' dir='ltr'>Nich.</span> <span class='ocrx_word' id='word_1_154' title='bbox 781 1857 879 1913; x_wconf 86' lang='lat' dir='ltr'>Horne</span> <span class='ocrx_word' id='word_1_155' title='bbox 896 1858 939 1913; x_wconf 90' lang='lat' dir='ltr'>W.</span> <span class='ocrx_word' id='word_1_156' title='bbox 963 1856 1115 1914; x_wconf 75' lang='lat' dir='ltr'>Burmsted</span> <span class='ocrx_word' id='word_1_157' title='bbox 1134 1855 1203 1911; x_wconf 83' lang='lat' dir='ltr'>Tho.</span> <span class='ocrx_word' id='word_1_158' title='bbox 1223 1856 1363 1912; x_wconf 85' lang='lat' dir='ltr'>Woodnet</span> 
     </span>
     <span class='ocr_line' id='line_1_19' title="bbox 277 1943 1164 2020; baseline -0.002 -19"><span class='ocrx_word' id='word_1_159' title='bbox 277 1945 380 2004; x_wconf 81' lang='lat' dir='ltr'>Baldw.</span> <span class='ocrx_word' id='word_1_160' title='bbox 400 1945 505 2018; x_wconf 84' lang='lat' dir='ltr'>Oolyne</span> <span class='ocrx_word' id='word_1_161' title='bbox 523 1946 601 2020; x_wconf 83' lang='lat' dir='ltr'>Step.</span> <span class='ocrx_word' id='word_1_162' title='bbox 621 1945 738 2004; x_wconf 82' lang='lat' dir='ltr'>Wotton</span> <span class='ocrx_word' id='word_1_163' title='bbox 756 1945 799 2003; x_wconf 88' lang='lat' dir='ltr'>Jo.</span> <span class='ocrx_word' id='word_1_164' title='bbox 820 1946 920 2019; x_wconf 83' lang='lat' dir='ltr'>Iverye</span> <span class='ocrx_word' id='word_1_165' title='bbox 937 1943 961 2001; x_wconf 76' lang='lat' dir='ltr'>dr</span> <span class='ocrx_word' id='word_1_166' title='bbox 979 1944 1048 2002; x_wconf 87' lang='lat' dir='ltr'>Rob.</span> <span class='ocrx_word' id='word_1_167' title='bbox 1068 1943 1164 2016; x_wconf 81' lang='lat' dir='ltr'>Oonye</span> 
     </span>
    </p>
   </div>
   <div class='ocr_carea' id='block_1_5' title="bbox 627 2280 947 2347">
    <p class='ocr_par' dir='ltr' id='par_1_13' title="bbox 627 2280 947 2347">
     <span class='ocr_line' id='line_1_20' title="bbox 627 2280 947 2347; baseline 0 -1"><span class='ocrx_word' id='word_1_168' title='bbox 627 2280 714 2346; x_wconf 84' lang='lat' dir='ltr'>Ordo</span> <span class='ocrx_word' id='word_1_169' title='bbox 737 2280 947 2347; x_wconf 86' lang='lat' dir='ltr'>Senioritatis</span> 
     </span>
    </p>
   </div>
   <div class='ocr_carea' id='block_1_6' title="bbox 716 2473 1185 4394">
    <p class='ocr_par' dir='ltr' id='par_1_14' title="bbox 716 2473 1185 4394">
     <span class='ocr_line' id='line_1_21' title="bbox 718 2473 1177 2547; baseline 0.004 -17"><span class='ocrx_word' id='word_1_170' title='bbox 718 2475 855 2547; x_wconf 83' lang='lat' dir='ltr'>Horaeley</span> <span class='ocrx_word' id='word_1_171' title='bbox 1000 2475 1044 2530; x_wconf 85' lang='lat' dir='ltr'>Fr.</span> <span class='ocrx_word' id='word_1_172' title='bbox 1058 2473 1177 2532; x_wconf 81' lang='lat' dir='ltr'>Watson</span> 
     </span>
     <span class='ocr_line' id='line_1_22' title="bbox 717 2562 1122 2619; baseline 0 -1"><span class='ocrx_word' id='word_1_173' title='bbox 717 2563 807 2618; x_wconf 81' lang='lat' dir='ltr'>Locke</span> <span class='ocrx_word' id='word_1_174' title='bbox 1000 2562 1122 2619; x_wconf 78' lang='lat' dir='ltr'>Stallard</span> 
     </span>
     <span class='ocr_line' id='line_1_23' title="bbox 716 2651 1126 2725; baseline 0 -18"><span class='ocrx_word' id='word_1_175' title='bbox 716 2651 817 2725; x_wconf 85' lang='lat' dir='ltr'>Wylde</span> <span class='ocrx_word' id='word_1_176' title='bbox 1000 2651 1126 2708; x_wconf 83' lang='lat' dir='ltr'>Walford</span> 
     </span>
     <span class='ocr_line' id='line_1_24' title="bbox 717 2736 1076 2810; baseline 0 -18"><span class='ocrx_word' id='word_1_177' title='bbox 717 2736 856 2810; x_wconf 83' lang='lat' dir='ltr'>Petynger</span> <span class='ocrx_word' id='word_1_178' title='bbox 1000 2736 1076 2792; x_wconf 83' lang='lat' dir='ltr'>Hart</span> 
     </span>
     <span class='ocr_line' id='line_1_25' title="bbox 997 2825 1134 2897; baseline -0.007 -16"><span class='ocrx_word' id='word_1_179' title='bbox 997 2825 1016 2881; x_wconf 84' lang='lat' dir='ltr'>J</span> <span class='ocrx_word' id='word_1_180' title='bbox 1017 2845 1042 2883; x_wconf 92' lang='lat' dir='ltr'>o.</span> <span class='ocrx_word' id='word_1_181' title='bbox 1056 2825 1134 2897; x_wconf 82' lang='lat' dir='ltr'>Keye</span> 
     </span>
     <span class='ocr_line' id='line_1_26' title="bbox 1000 2913 1167 2988; baseline 0 -18"><span class='ocrx_word' id='word_1_182' title='bbox 1000 2913 1167 2988; x_wconf 81' lang='lat' dir='ltr'>Maplyaden</span> 
     </span>
     <span class='ocr_line' id='line_1_27' title="bbox 999 3002 1147 3058; baseline 0 0"><span class='ocrx_word' id='word_1_183' title='bbox 999 3002 1147 3058; x_wconf 80' lang='lat' dir='ltr'>Bremeted</span> 
     </span>
     <span class='ocr_line' id='line_1_28' title="bbox 999 3090 1140 3148; baseline 0.007 -1"><span class='ocrx_word' id='word_1_184' title='bbox 999 3090 1140 3148; x_wconf 82' lang='lat' dir='ltr'>Woodnet</span> 
     </span>
     <span class='ocr_line' id='line_1_29' title="bbox 997 3178 1102 3252; baseline 0 -18"><span class='ocrx_word' id='word_1_185' title='bbox 997 3178 1102 3252; x_wconf 84' lang='lat' dir='ltr'>Taylor</span> 
     </span>
     <span class='ocr_line' id='line_1_30' title="bbox 1001 3266 1118 3338; baseline -0.017 -15"><span class='ocrx_word' id='word_1_186' title='bbox 1001 3266 1118 3338; x_wconf 81' lang='lat' dir='ltr'>Ooflyna</span> 
     </span>
     <span class='ocr_line' id='line_1_31' title="bbox 999 3357 1117 3413; baseline -0.025 0"><span class='ocrx_word' id='word_1_187' title='bbox 999 3357 1117 3413; x_wconf 88' lang='lat' dir='ltr'>Wotten</span> 
     </span>
     <span class='ocr_line' id='line_1_32' title="bbox 1001 3445 1101 3517; baseline 0 -16"><span class='ocrx_word' id='word_1_188' title='bbox 1001 3445 1101 3517; x_wconf 83' lang='lat' dir='ltr'>Iverye</span> 
     </span>
     <span class='ocr_line' id='line_1_33' title="bbox 1004 3533 1066 3590; baseline 0 0"><span class='ocrx_word' id='word_1_189' title='bbox 1004 3533 1066 3590; x_wconf 85' lang='lat' dir='ltr'>Ball</span> 
     </span>
     <span class='ocr_line' id='line_1_34' title="bbox 1003 3621 1116 3694; baseline -0.009 -16"><span class='ocrx_word' id='word_1_190' title='bbox 1003 3621 1116 3694; x_wconf 82' lang='lat' dir='ltr'>Ooonye</span> 
     </span>
     <span class='ocr_line' id='line_1_35' title="bbox 999 3709 1185 3781; baseline -0.011 -14"><span class='ocrx_word' id='word_1_191' title='bbox 999 3711 1120 3767; x_wconf 67' lang='lat' dir='ltr'>navers</span> <span class='ocrx_word' id='word_1_192' title='bbox 1133 3709 1185 3781; x_wconf 83' lang='lat' dir='ltr'>(ee)</span> 
     </span>
     <span class='ocr_line' id='line_1_36' title="bbox 1003 3795 1150 3869; baseline -0.014 -15"><span class='ocrx_word' id='word_1_193' title='bbox 1003 3795 1150 3869; x_wconf 75' lang='lat' dir='ltr'>Bromryld</span> 
     </span>
     <span class='ocr_line' id='line_1_37' title="bbox 1004 3885 1114 3941; baseline -0.009 0"><span class='ocrx_word' id='word_1_194' title='bbox 1004 3885 1114 3941; x_wconf 86' lang='lat' dir='ltr'>Norton</span> 
     </span>
     <span class='ocr_line' id='line_1_38' title="bbox 1006 3973 1160 4030; baseline 0 0"><span class='ocrx_word' id='word_1_195' title='bbox 1006 3973 1160 4030; x_wconf 90' lang='lat' dir='ltr'>Hamound</span> 
     </span>
     <span class='ocr_line' id='line_1_39' title="bbox 1007 4063 1103 4119; baseline -0.021 0"><span class='ocrx_word' id='word_1_196' title='bbox 1007 4063 1103 4119; x_wconf 69' lang='lat' dir='ltr'>urowa</span> 
     </span>
     <span class='ocr_line' id='line_1_40' title="bbox 1006 4149 1137 4206; baseline -0.015 0"><span class='ocrx_word' id='word_1_197' title='bbox 1006 4149 1137 4206; x_wconf 86' lang='lat' dir='ltr'>Denmen</span> 
     </span>
     <span class='ocr_line' id='line_1_41' title="bbox 1006 4235 1155 4308; baseline -0.013 -16"><span class='ocrx_word' id='word_1_198' title='bbox 1006 4235 1155 4308; x_wconf 78' lang='lat' dir='ltr'>Holydaye</span> 
     </span>
     <span class='ocr_line' id='line_1_42' title="bbox 1006 4321 1136 4394; baseline -0.008 -16"><span class='ocrx_word' id='word_1_199' title='bbox 1006 4321 1136 4394; x_wconf 83' lang='lat' dir='ltr'>Marryat</span> 
     </span>
    </p>
   </div>
   <div class='ocr_carea' id='block_1_7' title="bbox 0 0 1715 5114">
    <p class='ocr_par' dir='ltr' id='par_1_15' title="bbox 0 0 1715 5114">
     <span class='ocr_line' id='line_1_43' title="bbox 0 0 1715 5114; baseline 0 0"><span class='ocrx_word' id='word_1_200' title='bbox 0 0 1715 5114; x_wconf 95' lang='lat' dir='ltr'> </span> 
     </span>
    </p>
   </div>
  </div>
 </body>
</html>
