3376 5108
346 299 389 363 98
780 318 893 368 onnon
916 321 1009 369 soon
1032 322 1055 369 a
1338 307 1505 392 [1553-54

405 545 573 611 Numerus
588 546 895 615 bacchalaureorum
912 549 944 614 in
963 549 1128 638 theologia
1142 551 1242 618 huius
1257 553 1335 618 anni
1352 552 1446 620 iuxta

816 653 1040 720 senioritetem

510 831 631 886 ¹Pecoke
860 832 960 888 Rudde
1170 835 1312 907 Percyvell
1410 879 1412 883 ,

521 919 638 975 Bullcke
856 922 959 993 Tayler
1169 923 1296 980 Pollarde

521 1005 727 1064 Christofsrson
858 1009 1010 1066 chshalfe
1170 1012 1321 1083 Atkynscn

521 1096 617 1152 Bovell
858 1097 985 1154 Redman
1170 1099 1261 1156 Baker

521 1185 672 1241 Hawiarde
858 1187 985 1258 Gogman
1169 1187 1264 1244 Weale

521 1273 635 1330 Morton

791 1567 842 1633 De
866 1567 1052 1634 doctoribus

343 1757 378 1812 In
395 1755 495 1828 primis
513 1754 676 1811 conceditur
693 1755 802 1812 Thome
817 1756 936 1812 Watson
954 1756 1078 1828 prefecto
1097 1756 1204 1828 collegii
1223 1756 1314 1811 sancti
1332 1755 1350 1809 J
1352 1755 1452 1810 oannis
1469 1759 1501 1809 vt

413 1843 541 1899 studium
561 1861 610 1898 sex
630 1861 770 1899 annorum
792 1843 822 1898 in
843 1843 983 1915 theologia
1003 1848 1069 1915 post
1089 1844 1150 1899 eius
1174 1845 1324 1900 introitum
1349 1843 1377 1898 in
1402 1842 1499 1898 eadem

413 1932 535 1988 sufficiat
546 1932 572 1987 ei
585 1931 620 1986 ad
633 1931 825 2004 incipiendum
839 1932 867 1987 in
880 1932 979 1987 eadem
992 1932 1128 1988 facultate
1180 1931 1382 2003 (concionatus
1394 1937 1438 1987 est
1450 1949 1501 2004 per

412 2019 555 2076 doctorem
566 2060 587 2074 ..
598 2018 731 2074 Bullocke
745 2021 813 2073 1558
847 2019 970 2092 maryin)

343 2107 418 2164 Item
434 2107 598 2172 conceditur
613 2107 703 2163 eidem
721 2108 855 2178 quoniam
872 2108 949 2162 veria
965 2107 1118 2178 granisque
1134 2107 1195 2162 eius
1212 2108 1325 2178 negocia
1337 2123 1393 2161 non
1405 2107 1501 2162 sinent

413 2213 478 2252 eum
499 2197 546 2251 hic
566 2196 596 2250 in
617 2196 770 2251 commitiis
790 2195 889 2251 adesse
910 2201 942 2250 vt
961 2196 1021 2250 eius
1045 2195 1179 2250 admissio
1199 2195 1235 2251 ad
1259 2194 1448 2268 incipiendum
1470 2195 1499 2250 in

414 2283 552 2354 theologia
568 2283 648 2338 iuxta
664 2282 783 2338 formem
799 2283 879 2354 prius
890 2301 908 2337 a
920 2281 1000 2337 vobis
1016 2299 1177 2338 concessam
1191 2287 1249 2339 stet
1261 2283 1287 2338 ei
1299 2300 1350 2355 pro
1361 2282 1499 2354 completo

411 2371 500 2442 gradu
520 2372 562 2425 ita
582 2369 658 2442 quod
679 2367 841 2426 convicium
862 2388 928 2425 cum
947 2370 1048 2426 ceteris
1064 2370 1149 2425 huius
1167 2372 1234 2426 anui
1258 2371 1449 2443 incentoribus
1468 2371 1497 2426 in

411 2459 565 2514 commitiis
576 2458 697 2514 celebret

342 2547 415 2602 Item
434 2546 596 2601 conceditur
613 2547 747 2617 magistro
767 2546 908 2618 Laugdale
926 2553 957 2601 vt
975 2545 1102 2602 studium
1121 2549 1139 2602 6
1155 2563 1293 2602 annorum
1311 2547 1341 2602 in
1359 2547 1499 2619 theologia

411 2639 476 2708 post
493 2635 554 2690 eius
571 2635 720 2691 introitum
740 2637 769 2691 in
787 2635 885 2691 eadem
903 2653 960 2691 vna
980 2653 1045 2690 cum
1066 2634 1177 2690 duobus
1196 2635 1372 2692 sermonibus
1389 2655 1445 2692 vno
1462 2636 1498 2693 ud

411 2721 516 2778 olerum
534 2723 736 2778 examinatorio
753 2727 820 2779 ente
837 2724 899 2778 eius
916 2722 1116 2778 admissionem
1130 2723 1219 2778 altero
1235 2721 1271 2778 ad
1288 2740 1398 2778 crucem
1418 2724 1497 2778 Pauli

410 2811 531 2867 sufficiat
542 2812 569 2866 ei
581 2811 616 2866 ad
629 2811 820 2882 incipiendum
833 2813 862 2866 in
876 2829 955 2867 sacra
967 2811 1107 2883 theologia

341 2901 415 2956 Item
428 2900 590 2956 conceditur
601 2899 691 2955 eidem
702 2905 734 2954 vt
745 2899 873 2955 studium
887 2903 1050 2958 'iannorum
1064 2903 1128 2971 post
1136 2900 1198 2955 eins
1206 2899 1324 2972 gradum
1335 2903 1495 2971 susceptum

411 3006 475 3043 cum
496 3007 544 3043 sex
565 2987 739 3044 sermonibus
760 2987 796 3043 ad
818 2989 953 3060 populum
973 2988 1133 3059 vbicunque
1153 2986 1294 3043 videbitur
1315 2987 1355 3042 illi
1377 2987 1497 3042 maxime

411 3077 599 3133 necessarium
619 3083 686 3131 ante
706 3078 851 3132 commitis
869 3077 996 3148 proxima
1015 3075 1137 3131 sufficiat
1155 3077 1182 3130 ei
1200 3074 1237 3130 ad
1256 3075 1448 3147 incipiendum
1466 3076 1496 3130 in

410 3164 508 3220 eadem
526 3164 661 3219 facultate
679 3170 708 3219 ct
724 3165 857 3237 quoniam
878 3167 934 3220 iam
953 3165 1020 3219 hero
1036 3181 1088 3218 suo
1104 3163 1259 3219 inserviens
1276 3163 1385 3218 diutius
1400 3163 1497 3218 abesse

410 3272 466 3310 non
493 3255 671 3326 permittitur
693 3254 918 3326 quandocunque
941 3255 1052 3309 venerit
1077 3252 1248 3309 admittetur
1271 3251 1311 3306 sio
1335 3251 1410 3322 quod
1437 3252 1497 3308 eius

409 3341 543 3398 admissio
561 3346 618 3397 stet
636 3343 661 3396 ei
680 3359 731 3414 pro
749 3343 897 3414 completis
914 3343 1003 3414 gradu
1021 3349 1051 3398 et
1069 3343 1159 3397 forma
1194 3340 1242 3395 Ita
1259 3347 1355 3396 tamen
1372 3347 1404 3396 vt
1422 3341 1496 3396 adsit

409 3428 438 3483 in
451 3429 604 3484 commitiis
616 3433 644 3484 et
657 3431 822 3485 convivetur
833 3448 899 3484 cum
910 3429 1026 3501 reliquis
1038 3428 1123 3484 huius
1135 3427 1202 3483 anui

215 3511 235 3572 f.
254 3513 291 3571 39
306 3534 325 3572 a
339 3517 413 3572 Item
429 3516 592 3572 conceditur
608 3517 743 3588 magistro
760 3518 924 3590 Segeswyke
936 3521 969 3572 vt
980 3515 1106 3573 studium
1123 3515 1210 3572 trium
1226 3531 1364 3570 annorum
1377 3515 1406 3570 in
1419 3516 1496 3570 theo-

408 3605 482 3676 logia
497 3609 562 3678 post
578 3605 639 3660 eius
656 3605 805 3661 introitum
822 3607 851 3662 in
868 3605 966 3662 eadem
979 3623 1034 3660 vna
1050 3621 1115 3660 cum
1131 3603 1243 3658 duobus
1254 3603 1429 3659 sermonibus
1441 3621 1496 3659 vno

408 3692 444 3747 ad
456 3691 561 3748 clerum
574 3693 776 3748 examinatorio
788 3699 855 3750 ente
867 3695 928 3749 eius
939 3693 1141 3748 admissionem
1149 3693 1238 3746 altero
1247 3690 1282 3746 ad
1292 3708 1402 3746 crucem
1418 3691 1495 3747 Pauli

408 3780 529 3836 sufficiat
541 3779 614 3835 eiad
627 3779 819 3852 incipiendum
832 3781 862 3835 iu
875 3799 954 3836 secra
966 3780 1106 3851 theologia

337 3868 412 3925 Item
430 3867 594 3925 conceditur
610 3868 700 3924 eidem
718 3874 751 3923 vt
769 3869 859 3940 possit
880 3888 931 3942 per
951 3868 1115 3925 hodiernam
1136 3885 1217 3923 suam
1238 3867 1438 3923 admissionem
1458 3868 1495 3923 ad

407 3956 599 4028 incipiendum
615 3957 645 4012 in
662 3975 741 4012 sacra
757 3957 898 4030 theologia
913 3975 974 4014 eme
988 3957 1136 4012 actualiter
1148 3955 1245 4011 doctor
1257 3956 1288 4010 in
1299 3955 1397 4011 eadem
1409 3956 1495 4012 iacul-

407 4051 467 4100 tate
488 4051 517 4099 et
538 4049 570 4100 vt
591 4045 652 4100 eius
672 4063 764 4101 sermo
785 4045 1005 4102 examinatorius
1027 4045 1174 4100 differatur
1194 4043 1234 4098 sic
1255 4043 1332 4114 quod
1354 4044 1404 4098 fiat
1424 4044 1495 4100 citra

406 4132 530 4187 natalem
544 4133 657 4187 Domini
667 4134 826 4204 proximum
835 4137 865 4188 et
876 4133 965 4188 nihilo
978 4131 1073 4187 minus
1085 4135 1178 4188 servet
1190 4135 1285 4187 actum
1300 4131 1328 4186 in
1342 4131 1495 4186 commitiis
1608 4197 1613 4200 ,

405 4223 436 4275 et
447 4224 540 4274 cetera
551 4227 667 4291 peragat
678 4221 758 4276 iuxta
770 4221 891 4276 sormam
903 4221 1006 4276 statuti

395 4365 404 4400 ¹
421 4367 504 4418 These
515 4381 606 4420 names
618 4383 662 4420 are
674 4369 800 4435 arranged
812 4369 840 4420 in
853 4384 902 4422 one
914 4370 1020 4420 column
1032 4369 1111 4432 along
1122 4368 1167 4420 the
1178 4367 1279 4419 bottom
1292 4369 1319 4418 oi
1331 4367 1348 4418 i.
1364 4369 1396 4417 88
1408 4382 1433 4416 a.
