3378 5116
377 380 440 442 lla
810 392 925 440 ossen
947 391 1041 439 soor
1064 391 1084 438 a
1366 371 1531 454 [1555-56

449 667 616 733 Numerus
631 666 937 733 bacchalaureorum
954 665 1117 751 theologie
1133 664 1226 729 iuxta
1241 663 1464 728 senioritatem

554 829 614 886 Bell
910 828 980 883 Dale
1240 825 1323 897 Edyll

554 917 715 974 Hartborne
908 915 1040 988 Vyncent
1242 912 1341 968 Shawe

808 1159 849 1223 In
865 1158 935 1224 iure
951 1158 1104 1223 canonico

377 1325 412 1381 In
431 1324 530 1397 primis
547 1321 709 1378 conceditur
726 1321 840 1392 Hugoni
860 1321 979 1392 Gryffyn
997 1325 1030 1375 vt
1048 1320 1175 1376 studium
1195 1319 1249 1375 xxu
1267 1337 1404 1376 annorum
1427 1321 1457 1377 in
1474 1322 1535 1378 iure

447 1411 581 1468 canonico
595 1415 660 1482 post
671 1410 789 1481 gradum
802 1408 1051 1464 bacohalaureatus
1062 1409 1092 1464 in
1106 1408 1204 1464 eodem
1216 1409 1262 1464 hic
1274 1409 1350 1480 apud
1362 1427 1412 1464 voe
1423 1427 1534 1482 suscep

448 1506 511 1555 tum
523 1499 645 1554 sufficiat
656 1497 681 1553 ei
694 1497 730 1552 ad
743 1497 935 1568 incipiendum
948 1498 978 1552 in
989 1496 1088 1552 eadem
1100 1496 1235 1552 facultate

260 1721 365 1780 tlte
680 1725 794 1790 Gratis
810 1724 898 1790 varie
916 1733 950 1791 et
970 1724 1232 1812 dispensaciones

377 1890 413 1945 In
436 1889 537 1962 primis
560 1889 722 1945 conceditur
745 1894 778 1943 vt
802 1907 899 1945 omnes
922 1890 1012 1961 gratie
1035 1888 1211 1945 admittenda
1233 1894 1263 1945 et
1287 1887 1462 1945 concedende
1484 1907 1535 1962 per

446 1979 592 2035 dominnm
615 1977 865 2051 procancellarium
887 1979 1014 2035 doctores
1033 1979 1185 2050 Atkynson
1206 1983 1235 2033 et
1256 1978 1366 2049 'hagan
1386 1978 1535 2050 magistros

447 2067 575 2122 Bedman
591 2073 622 2124 et
638 2066 790 2139 Robynson
807 2068 898 2138 possit
913 2084 1077 2122 concurrere
1093 2067 1122 2121 in
1135 2071 1258 2138 quatuor
1273 2066 1534 2138 congregacionibus

446 2156 530 2212 istius
541 2155 609 2211 anni
646 2155 693 2210 lta
704 2155 780 2227 quod
791 2155 894 2227 singuli
907 2155 1008 2212 horum
1020 2157 1145 2227 quinque
1157 2155 1328 2210 vnanimiter
1339 2155 1517 2211 consentiant

377 2244 451 2300 Item
474 2243 638 2300 conceditur
658 2249 691 2298 vt
713 2243 829 2314 exequie
850 2243 1013 2298 celebrande
1037 2243 1066 2298 in
1091 2242 1136 2298 die
1156 2243 1255 2298 ultime
1279 2247 1309 2297 et
1332 2243 1425 2298 finalis
1444 2242 1534 2300 deter-

445 2332 611 2388 minacionis
631 2333 676 2388 viz
698 2330 744 2387 die
768 2332 848 2387 loris
873 2333 1000 2403 proximo
1024 2331 1134 2403 possint
1158 2331 1264 2387 differri
1289 2331 1318 2386 iu
1342 2331 1419 2387 diem
1442 2331 1533 2388 saboti

445 2425 611 2493 sequentem

376 2508 450 2563 Item
470 2507 633 2564 conceditur
650 2513 682 2562 vt
701 2507 842 2562 concessio
861 2506 1037 2578 quarundam
1057 2511 1196 2562 terrarum
1216 2505 1379 2563 achademie
1398 2508 1534 2579 magistro

446 2595 464 2651 J
466 2595 570 2651 ohanni
588 2595 714 2650 Redman
732 2613 822 2666 nuper
837 2595 913 2650 facta
928 2612 979 2666 per
995 2595 1161 2664 magistrum
1181 2594 1252 2649 Dale
1265 2595 1435 2650 sacellanum
1451 2597 1534 2652 acha·

445 2682 538 2739 demis
549 2689 643 2740 vestro
655 2702 793 2739 consensu
805 2690 868 2739 rata
880 2684 919 2738 sit
930 2687 960 2738 et
972 2683 1154 2738 confirmetur
1191 2683 1237 2738 Ita
1248 2683 1324 2754 quod
1343 2683 1492 2740 indenture
1504 2686 1533 2740 in

445 2791 479 2828 ea
490 2791 521 2829 re
532 2774 658 2829 coniecto
669 2779 699 2829 et
711 2773 881 2829 conficiende
893 2773 1058 2844 priusquam
1070 2771 1228 2843 sigillentur
1239 2772 1473 2844 supervideantur
1484 2792 1534 2844 per

445 2861 591 2917 dominum
604 2862 862 2916 vicecancellarium
875 2861 1024 2932 magistros
1038 2861 1195 2933 Perpoynte
1206 2865 1236 2915 et
1248 2860 1363 2932 Mytche

376 2949 452 3005 Item
473 2949 635 3005 conceditur
654 2951 789 3021 quoniam
813 2949 909 3005 nullus
930 2949 1027 3005 existit
1047 2948 1145 3005 doctor
1165 2949 1297 3005 cathedre
1318 2951 1388 3005 iuris
1407 2951 1533 3005 canonici

446 3038 519 3092 infra
547 3037 740 3094 achademiam
769 3037 880 3111 placeat
905 3036 985 3093 vobis
1011 3041 1043 3092 vt
1068 3037 1166 3093 doctor
1190 3037 1298 3108 Tregan
1324 3039 1414 3110 possit
1441 3056 1534 3094 creare

444 3123 592 3180 dominum
613 3125 732 3196 Hugone
751 3126 869 3198 Gryffyn
888 3126 1060 3196 inceptorem
1078 3125 1204 3180 eiusdem
1223 3125 1367 3181 facultatis
1386 3125 1415 3180 in
1435 3126 1533 3181 solem·

445 3213 530 3270 nibus
548 3215 700 3270 commitiis
719 3216 853 3286 proximis

376 3303 449 3358 item
474 3301 637 3358 conceditur
657 3303 733 3375 quod
754 3303 876 3375 quedam
900 3303 1017 3375 pecunie
1041 3320 1153 3358 summa
1176 3303 1206 3358 in
1231 3320 1407 3358 oommrmem
1433 3303 1532 3360 cistam

445 3390 569 3462 reposita
588 3390 647 3445 illic
667 3391 761 3445 iacens
779 3390 842 3444 aliis
860 3389 1022 3445 achademie
1041 3389 1120 3444 cistis
1137 3387 1234 3443 debita
1252 3389 1372 3446 necdum
1390 3392 1532 3462 persoluta

444 3483 477 3535 vt
495 3479 621 3550 oportuit
641 3478 708 3534 talis
728 3496 841 3534 summa
861 3497 879 3533 a
895 3478 973 3533 dicta
993 3477 1136 3532 communi
1160 3479 1232 3532 cista
1256 3478 1395 3534 eximetur
1419 3480 1531 3551 qualem

443 3571 554 3623 statuta
572 3568 744 3639 permittunt
762 3573 791 3621 et
810 3567 873 3622 aliis
893 3567 972 3621 cistis
991 3565 1095 3621 iudicio
1113 3564 1221 3620 domini
1242 3565 1449 3636 procancellarii
1471 3585 1531 3639 per·

443 3657 571 3712 soluatur

374 3745 448 3800 Item
466 3744 629 3800 conceditur
646 3748 679 3800 vt
697 3745 816 3800 rectoria
834 3749 928 3800 vestra
945 3743 981 3800 de
999 3744 1120 3799 Burwell
1138 3761 1213 3799 nunc
1232 3743 1366 3815 magistre
1384 3743 1476 3800 Baoon
1495 3745 1531 3800 ad

445 3833 555 3889 firmam
570 3833 689 3890 dimissa
703 3852 720 3889 a
735 3834 790 3889 fine
806 3835 920 3888 termini
938 3851 1077 3889 annorum
1094 3833 1186 3889 eidem
1202 3833 1336 3904 magistro
1354 3832 1451 3887 Bakon
1467 3850 1531 3887 con-

444 3939 585 3982 cessorum
601 3922 766 3978 dimittetur
781 3922 817 3977 ad
835 3923 944 3978 firmam
960 3923 1095 3994 magistro
1108 3921 1246 3978 Gardiner
1258 3921 1398 3976 similibus
1410 3923 1532 3977 termino

443 4016 473 4066 et
491 4012 574 4066 annis
592 4010 697 4083 quibus
716 4029 847 4066 concessa
867 4016 929 4067 erat
950 4012 1085 4083 magIstro
1107 4011 1205 4066 Bakon
1256 4010 1330 4065 Item
1350 4015 1381 4065 vt
1399 4008 1532 4066 dominus

442 4099 685 4155 vicecancellarius
708 4099 837 4155 doctores
863 4099 959 4172 Yonge
984 4104 1013 4155 et
1039 4100 1143 4156 Mense
1168 4099 1295 4170 magistri
1322 4098 1479 4171 Perpoynte
1502 4105 1532 4154 et

445 4187 559 4260 Mytche
584 4205 640 4242 vna
666 4206 730 4244 cum
757 4188 986 4259 procuratoribus
1015 4185 1140 4243 habeant
1165 4187 1209 4242 vel
1233 4204 1330 4241 eorum
1353 4187 1442 4241 maior
1467 4204 1532 4259 pars

443 4275 546 4331 habeat
566 4281 690 4331 vestram
711 4276 916 4332 authoritatem
939 4275 1115 4332 describendi
1139 4275 1305 4330 indenturas
1325 4275 1401 4330 inter
1421 4275 1531 4331 vniuer-

442 4365 557 4420 sitatem
577 4367 608 4418 et
627 4363 795 4434 magistrum
816 4364 955 4419 GardIner
1002 4364 1040 4419 Et
1062 4369 1094 4419 vt
1115 4363 1267 4419 indentma
1287 4363 1327 4419 sic
1349 4381 1399 4434 per
1418 4381 1466 4419 eos
1486 4365 1531 4420 vel

441 4469 538 4509 eorum
556 4451 690 4508 maiorem
708 4457 817 4523 partem
835 4450 975 4524 descripte
991 4455 1021 4508 et
1039 4449 1192 4524 approbate
1208 4451 1351 4508 communi
1369 4450 1531 4506 achademio

442 4539 533 4614 sigule
550 4538 709 4613 sigillentur
