3344 5110
156 363 319 450 1545-46]
589 380 703 428 onnon
725 380 817 429 eoos
841 383 862 428 a
1269 369 1311 432 33

155 531 231 588 Item
248 531 411 589 coneeditur
427 532 542 590 domino
560 533 784 606 Benyngworthe
802 537 834 588 vt
855 551 955 589 novem
977 535 1091 590 termini
1112 538 1178 607 post
1197 535 1311 591 finalem

224 619 286 675 eius
296 619 559 678 determinationem
576 621 607 676 in
622 621 726 694 quibus
738 621 872 677 lectiones
884 621 1040 678 ordinaries
1051 623 1162 679 audiuit
1176 623 1242 679 iicet
1254 641 1311 679 non

225 709 340 763 omnino
363 708 518 764 secundum
542 709 661 764 formam
685 710 787 766 statuti
809 727 874 764 cum
895 709 987 766 tribua
1008 709 1236 787 responsionibus
1253 712 1310 766 suf·

225 797 322 854 iioiant
339 797 365 852 ei
383 796 420 852 sd
437 797 630 870 incipiendum
649 798 678 853 in
696 797 806 854 artibus

154 884 261 940 Eadem
279 886 370 957 gratia
387 884 422 942 de
439 885 525 942 verbo
542 887 573 942 in
591 886 708 942 verbum
725 887 888 943 conceditur
904 886 1019 943 domino
1035 887 1241 960 Aynysworthe

155 973 230 1027 Item
248 973 409 1029 conceditur
428 973 543 1030 domino
565 973 717 1030 Ruddocire
734 981 767 1030 vt
785 992 885 1030 novem
903 976 1017 1031 termini
1037 980 1103 1048 post
1120 975 1232 1032 finalem
1250 975 1311 1031 aius

225 1062 488 1118 determinationem
504 1063 535 1118 in
551 1062 655 1136 quibus
670 1063 804 1118 lectiones
819 1062 975 1119 ordinarias
992 1062 1104 1119 audiuit
1116 1080 1165 1134 per
1177 1063 1311 1118 maiorem

225 1155 335 1220 partem
354 1151 384 1205 in
405 1155 466 1206 toto
487 1169 552 1206 curn
573 1151 683 1207 duabus
704 1150 933 1224 responsionibus
953 1157 983 1205 et
1001 1167 1058 1205 vna
1075 1149 1230 1204 variatione
1253 1149 1311 1204 auf-

225 1237 321 1293 iiciant
338 1239 364 1294 ei
382 1238 417 1293 ad
436 1239 627 1311 incipiendum
645 1240 675 1294 in
692 1239 802 1295 artibus

155 1327 228 1382 Item
250 1327 413 1384 conceditur
432 1328 548 1384 domino
567 1329 679 1400 Sugden
701 1334 733 1384 vt
759 1333 792 1384 la
813 1327 928 1383 termini
947 1327 1000 1382 bac
1021 1327 1050 1381 in
1073 1327 1256 1382 vniuersitate
1279 1326 1309 1381 in

224 1414 327 1487 quibus
343 1415 476 1472 lectiones
491 1416 647 1473 ordinaries
662 1417 773 1473 audiuit
788 1435 839 1488 per
854 1417 988 1472 maiorem
1004 1421 1114 1488 partem
1131 1415 1160 1469 in
1173 1419 1234 1469 toto
1245 1432 1310 1469 oum

224 1504 288 1560 aliis
307 1509 341 1560 12
357 1507 463 1578 partim
481 1505 597 1562 Oxoniis
615 1507 719 1576 partim
738 1504 805 1561 alibi
823 1506 918 1578 pueris
935 1503 1096 1560 erudiendis
1115 1521 1179 1559 cum
1200 1503 1311 1560 duabus

224 1593 451 1665 responsionibus
462 1600 529 1650 ante
540 1595 685 1650 commitis
696 1596 823 1667 proxima
835 1599 865 1650 et
875 1612 930 1650 vna
938 1594 1094 1649 variatione
1102 1610 1177 1649 anno
1185 1593 1311 1665 proximo

224 1681 820 1754 sufficianteiadincipienduminartibus
1169 1693 1170 1700 ’

154 1770 229 1825 Item
247 1770 410 1826 conceditur
426 1769 541 1826 domino
558 1771 659 1842 Tayier
676 1777 709 1826 vt
726 1789 774 1827 sex
792 1771 906 1826 termini
929 1776 994 1842 post
1012 1771 1124 1827 finalem
1142 1771 1203 1827 eius
1220 1770 1310 1827 deter-

170 1861 174 1867 '
225 1859 408 1914 minationem
435 1859 466 1915 in
490 1858 592 1931 quibus
620 1859 753 1915 lectiones
783 1859 938 1914 ordinarias
964 1857 1076 1914 audiuit
1099 1875 1149 1930 per
1177 1859 1310 1914 maiorem

225 1950 334 2017 partem
353 1947 382 2001 in
401 1952 462 2002 toto
478 1965 544 2002 cum
562 1946 653 2001 tribus
671 1945 899 2018 responsionibus
916 1945 1057 2001 sufficiant
1076 1945 1102 2000 ei
1122 1945 1159 2000 ad
1177 1945 1310 2016 incipien-

225 2032 293 2088 dum
311 2034 341 2089 in
359 2033 469 2090 artibus

154 2121 260 2177 Eadem
272 2123 363 2194 gratia
375 2121 410 2178 de
419 2122 502 2178 verbo
514 2123 544 2179 in
554 2122 671 2178 verbum
683 2122 847 2178 conceditur
856 2121 979 2176 dominis
991 2119 1122 2176 Godsslfs
1132 2119 1311 2176 Huddleston

224 2213 254 2265 et
272 2210 342 2265 Yale

155 2298 229 2353 Item
251 2298 414 2353 conceditur
436 2298 550 2353 domino
574 2297 705 2370 Vyncant
730 2301 762 2351 vt
789 2295 916 2351 studium
941 2298 957 2354 7
982 2313 1120 2351 annorum
1146 2295 1176 2351 in
1200 2295 1311 2351 artibus

225 2385 255 2440 in
276 2385 378 2458 quibus
398 2386 531 2442 lectiones
551 2384 707 2440 ordinarias
726 2383 837 2440 audiuit
854 2384 930 2439 licet
941 2401 998 2438 non
1017 2383 1132 2438 omnino
1155 2382 1310 2441 secundum

224 2475 343 2529 formam
365 2475 467 2530 statuti
491 2493 556 2530 cum
581 2473 673 2529 tribus
697 2472 924 2545 responsionibus
948 2472 1089 2527 sufficiant
1108 2473 1133 2528 ei
1154 2473 1191 2528 ad
1212 2472 1309 2545 incipi·

224 2560 328 2618 endum
346 2563 376 2618 in
394 2562 503 2618 artibus
539 2563 579 2618 sio
597 2562 672 2634 quod
690 2561 782 2616 solvat
799 2559 978 2615 uniuersitati
996 2560 1097 2630 viginti
1116 2560 1219 2616 solidos

154 2649 228 2705 Item
245 2650 407 2706 conceditur
422 2649 513 2706 eidem
525 2655 557 2705 vt
573 2650 715 2722 responsio
733 2647 926 2721 philosophica
942 2648 1027 2702 tertia
1043 2646 1079 2701 ad
1096 2665 1182 2719 quam
1196 2652 1311 2704 tenetur

224 2739 334 2793 ratione
345 2738 448 2810 gradrrs
464 2737 617 2809 magisterii
635 2738 664 2791 in
680 2735 791 2791 artibus
807 2734 978 2806 suscipiendi
991 2734 1073 2806 (dues
1085 2736 1160 2790 enim
1173 2736 1309 2791 haetenus

224 2825 321 2896 habet)
340 2827 445 2882 mutari
461 2826 551 2897 possit
567 2825 597 2880 in
610 2824 793 2880 variationem
809 2841 884 2878 anno
902 2823 1028 2894 proximo
1045 2824 1179 2896 quoniam
1195 2828 1310 2896 propter

224 2916 302 2971 varia
317 2921 347 2970 et
363 2916 490 2987 vrgentia
505 2931 561 2986 que
577 2913 663 2969 habet
679 2913 792 2984 negocia
808 2913 866 2968 ruri
882 2911 1013 2984 desporat
1029 2929 1059 2967 se
1075 2913 1178 2967 iterum
1195 2928 1307 2983 respon-

223 3023 321 3060 surum
339 3010 407 3060 ante
424 3004 571 3060 commicia

154 3093 228 3149 Item
241 3091 402 3148 conceditur
419 3091 541 3147 Roberto
554 3091 667 3147 Mancre
682 3091 783 3146 rectori
795 3089 909 3145 ecclesie
921 3088 1088 3161 parochialis
1099 3087 1134 3144 de
1147 3088 1263 3144 Watton
1276 3094 1308 3144 vt

224 3179 351 3235 studium
374 3185 497 3251 quatuor
519 3196 658 3234 annorum
679 3179 709 3233 in
730 3179 783 3233 heo
801 3177 985 3232 uniuersitate
1003 3180 1067 3248 post
1086 3175 1238 3231 multorum
1258 3194 1307 3232 an·

223 3284 323 3321 norum
341 3264 468 3321 studium
484 3264 559 3338 quod
576 3264 678 3320 hebuit
693 3263 761 3319 aiibi
779 3268 843 3319 tum
860 3263 891 3318 in
908 3263 998 3318 literis
1014 3263 1228 3318 humanioribus
1243 3267 1306 3318 turn

224 3355 310 3410 etiam
327 3355 356 3410 in
372 3355 460 3410 sacris
477 3355 567 3410 literis
582 3354 689 3426 possim
706 3352 822 3408 verbum
836 3353 887 3408 Dei
906 3350 1074 3424 predicando
1090 3351 1211 3407 sufficiat
1227 3353 1251 3408 ei
1270 3351 1307 3407 ad

223 3441 414 3514 incipiendum
430 3443 461 3496 in
472 3441 582 3497 artibus
617 3441 659 3495 ita
675 3439 750 3511 quod
768 3440 829 3495 eius
847 3439 967 3494 eruditio
978 3439 1153 3494 examinetur
1163 3442 1193 3494 et
1206 3457 1305 3510 appro-

225 3530 307 3585 betur
318 3547 367 3602 per
379 3530 528 3601 magistros
540 3529 603 3600 (sio)
616 3528 777 3600 Thompson
790 3527 863 3584 Aule
881 3527 962 3582 Olore
973 3532 1003 3582 et
1020 3527 1167 3598 magistros
1184 3526 1305 3583 Haddon

224 3625 254 3674 et
269 3619 366 3690 Yonge
382 3623 412 3673 et
428 3619 488 3673 vioe
500 3617 713 3690 responsionum
728 3617 819 3672 solvat
837 3615 1016 3671 vniusrsitati
1032 3614 1119 3686 xxvjs
1137 3614 1212 3687 viijd
1227 3619 1305 3671 ante·

222 3725 310 3779 quam
327 3705 497 3762 admittatur

152 3856 227 3911 itam
239 3851 401 3908 conceditur
412 3851 520 3906 Thome
532 3851 632 3906 Donell
644 3850 690 3905 bic
701 3849 776 3922 apud
789 3866 839 3904 vos
851 3848 881 3903 in
893 3847 1003 3904 artibus
1018 3847 1218 3903 bacchelaureo
1229 3853 1260 3903 et
1275 3849 1304 3903 in
1318 3837 1339 3898 f·
1358 3839 1394 3896 15
1404 3858 1423 3896 a

221 3941 327 3998 eisdem
339 3941 455 3998 Oxoniis
471 3940 606 4012 magistro
622 3943 654 3994 vt
670 3939 759 4011 possit
775 3938 821 3993 hic
833 3954 894 3992 esse
910 3937 940 3991 in
951 3935 1049 3992 eodem
1064 3935 1152 4007 gradu
1165 3940 1194 3991 et
1208 3934 1305 3992 ordine

221 4047 278 4103 quo
290 4035 334 4086 est
346 4029 462 4086 Oxoniis
