3376 5108
196 333 360 418 1556-57]
631 347 745 396 onnon
766 347 858 396 eoos
883 347 905 394 Δ
1288 333 1349 395 119

195 502 270 557 Item
292 501 454 558 conceditur
473 503 587 558 domino
607 503 721 558 Walker
741 507 772 558 vt
793 507 810 558 9
829 502 945 558 termini
966 507 1031 574 post
1050 501 1162 557 finalem
1181 501 1242 556 eius
1261 491 1384 556 detor-s·
1401 490 1470 551 47⁸

265 592 450 647 minationem
467 593 497 646 in
514 592 618 663 quibus
634 593 768 647 lectiones
784 591 940 646 ordinarias
956 591 1067 646 audiuit
1082 591 1149 646 licet
1164 608 1220 646 non
1237 589 1352 646 omnino

266 680 420 734 secundum
436 680 556 735 formam
572 681 675 734 statuti
691 697 755 735 cum
773 679 865 734 tribus
881 679 1109 752 responsionibus
1123 678 1264 734 sufficiant
1277 679 1303 734 ei
1315 677 1351 734 ad

266 767 457 839 incipiendum
468 768 498 822 in
511 767 621 822 artibus

195 854 302 910 Eadem
319 856 411 925 gratia
428 854 464 910 de
480 855 565 910 verbo
583 855 613 909 in
629 855 746 910 verbum
764 855 927 910 conceditur
942 854 1065 912 dominis
1076 855 1243 928 Wbytgyste
1259 853 1352 926 Deggc

267 944 367 1015 Kyngs
385 943 537 1014 Robynson
557 942 682 1014 Bryskoo
698 947 728 996 et
746 943 925 1015 Pyckerynge

196 1031 270 1086 Item
289 1030 452 1086 conceditur
472 1031 577 1086 Betson
596 1036 628 1083 vt
647 1033 664 1084 9
682 1030 797 1084 termini
816 1031 947 1102 completi
968 1035 1031 1102 post
1051 1030 1162 1085 finalem
1182 1031 1243 1086 eius
1261 1029 1352 1086 deter-

266 1122 450 1176 minationem
466 1119 496 1174 in
513 1117 617 1191 quibus
632 1118 766 1174 lectiones
783 1119 938 1175 ordinarias
953 1119 1064 1176 audiuit
1080 1119 1146 1174 licet
1164 1137 1220 1174 non
1238 1121 1353 1174 omnino

266 1209 420 1264 secundum
436 1209 556 1264 formam
572 1207 677 1262 statuti
693 1225 757 1262 cum
774 1206 866 1262 tribus
882 1207 1110 1279 responsionibus
1125 1207 1267 1263 sufficiant
1278 1208 1303 1262 ei
1316 1206 1352 1262 ad

266 1297 457 1369 incipiendum
470 1298 500 1352 in
513 1295 623 1352 artibus

196 1385 271 1440 Item
295 1385 458 1440 conceditur
480 1384 596 1439 domino
617 1384 738 1456 Wryght
758 1389 790 1438 vt
811 1402 911 1440 novem
936 1385 1050 1440 termini
1074 1391 1139 1456 post
1160 1385 1271 1440 finalem
1292 1384 1353 1440 eius

266 1475 530 1530 determinationem
554 1474 584 1527 in
608 1473 712 1545 quibus
735 1473 869 1529 lectiones
893 1474 1048 1529 ordinarias
1072 1473 1183 1529 audiuit
1206 1474 1273 1528 licet
1296 1491 1352 1528 non

266 1564 381 1618 omnino
400 1562 555 1618 secundum
575 1563 694 1616 formam
713 1562 817 1616 statuti
835 1581 900 1618 cum
919 1561 1010 1618 tribus
1030 1561 1259 1634 responsionibus
1277 1563 1353 1618 suffi-

267 1652 343 1706 ciant
361 1653 386 1706 ei
405 1651 441 1706 ad
459 1649 651 1722 incipiendum
668 1651 699 1706 in
717 1650 827 1706 artibus

196 1740 303 1794 Eadem
326 1740 418 1810 gratia
440 1739 476 1794 de
497 1740 581 1795 verbo
606 1739 636 1793 ln
658 1739 775 1795 verbum
799 1740 962 1796 conceditur
984 1740 1107 1796 dominis
1132 1741 1234 1796 Rames
1255 1739 1354 1796 Cantor

268 1828 377 1883 Oroftes
395 1833 425 1883 et
442 1827 559 1882 Warren

196 1916 271 1971 Item
290 1915 452 1972 conceditur
469 1916 583 1971 domino
602 1915 705 1970 Hulett
721 1919 754 1971 vt
770 1919 788 1970 9
804 1916 918 1970 termini
936 1934 1000 1971 cum
1019 1917 1141 1973 termino
1158 1918 1188 1972 in
1205 1935 1261 1988 quo
1278 1924 1354 1990 post-

267 2021 353 2075 quam
377 2003 553 2075 responderit
572 2004 713 2076 questioni
738 2002 893 2076 inquibus
915 2005 1048 2060 lectiones
1069 2005 1224 2061 ordinarias
1244 2007 1355 2062 audiuit

267 2094 334 2149 licet
363 2111 419 2149 non
449 2095 564 2149 omnino
590 2093 743 2148 secundum
768 2095 887 2148 formam
912 2095 1015 2149 statuti
1038 2113 1102 2149 cum
1126 2095 1218 2151 tribus
1242 2114 1354 2169 respon·

267 2183 393 2238 sionibus
411 2183 553 2238 sufficiant
570 2183 597 2239 ei
615 2183 651 2238 ad
670 2182 859 2254 incipiendum
879 2184 909 2238 in
927 2183 1037 2238 artibus

196 2271 304 2327 Eadem
316 2273 407 2343 gratia
418 2272 454 2328 de
465 2272 550 2328 verbo
561 2273 592 2328 in
605 2272 720 2328 verbum
734 2273 896 2328 conceditur
906 2273 1020 2329 domino
1032 2273 1161 2345 Olowghe

195 2362 262 2418 Vna
281 2380 345 2417 cum
365 2362 429 2417 istis
448 2363 614 2434 inceperunt
632 2362 667 2418 de
684 2362 798 2433 collegio
820 2361 916 2433 Regali
936 2363 1040 2434 quibus
1058 2363 1135 2417 nulla
1152 2380 1283 2418 concessa
1299 2363 1355 2418 fuit

267 2450 440 2522 dispensatio
451 2451 558 2506 domini
572 2451 678 2506 Master
690 2451 756 2506 Scot
768 2450 880 2506 Cordall
892 2455 921 2505 et
934 2449 1014 2505 Noke

285 2739 452 2804 Numerus
476 2739 704 2825 Magistrorum
726 2738 760 2803 in
783 2739 908 2803 artibus
930 2738 1024 2804 iuxta
1044 2738 1266 2804 senioritatem

360 2952 482 3006 ¹Master
699 2950 812 3006 Cordall
1003 2950 1130 3005 Bowlton

376 3039 492 3110 Igulden
701 3039 782 3095 Noke
1003 3039 1102 3094 Carter-

322 3127 489 3183 M¹Walker
702 3127 805 3182 Hulett
1003 3127 1098 3182 Orofte

374 3217 540 3288 Whytgylts
701 3215 830 3288 Olowgbe
951 3216 1126 3288 MrRyselay

377 3304 462 3359 Ithsll
703 3304 826 3376 Bryecoo
1004 3304 1105 3376 Kynge

376 3393 457 3448 Scott
650 3393 796 3464 Mchgge
1005 3392 1121 3448 Warren

376 3483 526 3554 Fyrbanke
705 3482 825 3554 Wryght
1006 3482 1111 3536 Betson

324 3572 529 3644 M¹Robynson
706 3573 808 3626 Rames
1007 3571 1186 3644 Pyckerynge

200 3779 274 3834 Item
291 3778 454 3834 conceditur
465 3783 498 3832 vt
514 3777 648 3848 magister
664 3778 760 3832 Raven
776 3782 842 3849 post
857 3777 984 3833 studium
997 3781 1013 3834 7
1025 3795 1163 3834 annorum
1176 3779 1206 3832 in
1218 3777 1358 3834 medicina

271 3872 422 3939 postquam
438 3866 542 3921 rexcrIt
557 3866 587 3920 in
603 3865 714 3920 artibus
729 3871 759 3920 et
771 3883 856 3921 vnam
873 3866 1081 3937 responsionem
1095 3867 1124 3921 in
1137 3867 1288 3922 commitiis
1300 3867 1357 3922 lam

270 3953 398 4010 habitam
422 3954 527 4010 habeat
547 3959 671 4010 vestram
692 3954 896 4010 authoritatem
917 3954 951 4010 ad
975 3955 1187 4026 practicandum
1208 3957 1238 4010 in
1260 3955 1357 4012 eadem

270 4043 406 4099 facultate
422 4049 452 4098 et
467 4044 564 4099 literas
581 4043 666 4099 huius
682 4044 868 4099 concessionis
884 4045 1058 4116 conscriptae
1070 4050 1163 4100 vestro
1179 4045 1270 4116 sigillo
1284 4062 1358 4100 com-

271 4133 350 4187 muni
363 4131 525 4203 obsignatas

267 4283 276 4316 ¹
294 4281 378 4332 These
389 4297 480 4332 names
491 4296 536 4332 are
548 4281 674 4345 arranged
686 4281 714 4330 in
726 4297 775 4332 one
786 4281 890 4332 column
901 4283 979 4346 along
990 4281 1035 4333 the
1047 4281 1147 4332 bottom
1159 4282 1216 4332 oli.
1229 4283 1261 4332 46
1273 4281 1297 4332 b.
