<?xml version="1.0" encoding="UTF-8"?>
<!DOCTYPE html PUBLIC "-//W3C//DTD XHTML 1.0 Transitional//EN"
    "http://www.w3.org/TR/xhtml1/DTD/xhtml1-transitional.dtd">
<html xmlns="http://www.w3.org/1999/xhtml" xml:lang="en" lang="en">
 <head>
  <title>
</title>
<meta http-equiv="Content-Type" content="text/html;charset=utf-8" />
  <meta name='ocr-system' content='tesseract 3.04.00' />
  <meta name='ocr-capabilities' content='ocr_page ocr_carea ocr_par ocr_line ocrx_word'/>
</head>
<body>
  <div class='ocr_page' id='page_1' title='image "./gracebookgreekl00venngoog_0446.png"; bbox 0 0 3398 5122; ppageno 0'>
   <div class='ocr_carea' id='block_1_1' title="bbox 194 353 1348 444">
    <p class='ocr_par' dir='ltr' id='par_1_1' title="bbox 194 353 1348 444">
     <span class='ocr_line' id='line_1_1' title="bbox 194 353 1348 444; baseline -0.009 -20"><span class='ocrx_word' id='word_1_1' title='bbox 194 360 359 444; x_wconf 85' lang='grc'><strong>1586-87]</strong></span> <span class='ocrx_word' id='word_1_2' title='bbox 625 357 739 424; x_wconf 81' lang='lat' dir='ltr'>onice</span> <span class='ocrx_word' id='word_1_3' title='bbox 762 373 854 420; x_wconf 75' lang='lat' dir='ltr'>soor</span> <span class='ocrx_word' id='word_1_4' title='bbox 878 372 899 420; x_wconf 81' lang='grc' dir='ltr'>Δ</span> <span class='ocrx_word' id='word_1_5' title='bbox 1285 353 1348 416; x_wconf 83' lang='lat'>413</span> 
     </span>
    </p>
   </div>
   <div class='ocr_carea' id='block_1_2' title="bbox 265 526 1351 868">
    <p class='ocr_par' dir='ltr' id='par_1_2' title="bbox 265 526 1351 868">
     <span class='ocr_line' id='line_1_2' title="bbox 266 526 1351 601; baseline -0.006 -14"><span class='ocrx_word' id='word_1_6' title='bbox 266 532 340 588; x_wconf 82' lang='lat' dir='ltr'>Edw.</span> <span class='ocrx_word' id='word_1_7' title='bbox 362 531 516 586; x_wconf 81' lang='lat' dir='ltr'>Wollsston</span> <span class='ocrx_word' id='word_1_8' title='bbox 536 531 604 587; x_wconf 83' lang='lat' dir='ltr'>Tho.</span> <span class='ocrx_word' id='word_1_9' title='bbox 624 530 796 601; x_wconf 81' lang='lat' dir='ltr'>Puckeringe</span> <span class='ocrx_word' id='word_1_10' title='bbox 855 533 887 586; x_wconf 81' lang='grc'>17</span> <span class='ocrx_word' id='word_1_11' title='bbox 911 529 1055 586; x_wconf 77' lang='lat' dir='ltr'>Februarii</span> <span class='ocrx_word' id='word_1_12' title='bbox 1076 530 1120 585; x_wconf 89' lang='lat' dir='ltr'>Jo.</span> <span class='ocrx_word' id='word_1_13' title='bbox 1144 528 1239 584; x_wconf 80' lang='lat' dir='ltr'>Hoerd</span> <span class='ocrx_word' id='word_1_14' title='bbox 1260 526 1351 582; x_wconf 75' lang='lat' dir='ltr'>David</span> 
     </span>
     <span class='ocr_line' id='line_1_3' title="bbox 266 615 1351 676; baseline -0.006 0"><span class='ocrx_word' id='word_1_15' title='bbox 266 619 401 676; x_wconf 82' lang='lat' dir='ltr'>Robertes</span> <span class='ocrx_word' id='word_1_16' title='bbox 414 619 533 674; x_wconf 78' lang='lat' dir='ltr'>Ricardo</span> <span class='ocrx_word' id='word_1_17' title='bbox 545 617 657 672; x_wconf 81' lang='lat' dir='ltr'>Brabon</span> <span class='ocrx_word' id='word_1_18' title='bbox 697 622 729 672; x_wconf 75' lang='lat'>12</span> <span class='ocrx_word' id='word_1_19' title='bbox 742 618 760 672; x_wconf 85' lang='lat' dir='ltr'>J</span> <span class='ocrx_word' id='word_1_20' title='bbox 762 617 822 672; x_wconf 90' lang='lat' dir='ltr'>unii</span> <span class='ocrx_word' id='word_1_21' title='bbox 835 616 918 672; x_wconf 88' lang='lat' dir='ltr'>Cutb.</span> <span class='ocrx_word' id='word_1_22' title='bbox 932 617 1003 672; x_wconf 81' lang='lat' dir='ltr'>Dolo</span> <span class='ocrx_word' id='word_1_23' title='bbox 1015 617 1095 674; x_wconf 85' lang='lat' dir='ltr'>Geor.</span> <span class='ocrx_word' id='word_1_24' title='bbox 1110 617 1163 671; x_wconf 82' lang='lat' dir='ltr'>Leo</span> <span class='ocrx_word' id='word_1_25' title='bbox 1176 615 1252 672; x_wconf 82' lang='lat' dir='ltr'>Edu.</span> <span class='ocrx_word' id='word_1_26' title='bbox 1267 615 1351 670; x_wconf 84' lang='lat' dir='ltr'>Bette</span> 
     </span>
     <span class='ocr_line' id='line_1_4' title="bbox 265 703 1350 781; baseline -0.007 -15"><span class='ocrx_word' id='word_1_27' title='bbox 265 711 340 766; x_wconf 79' lang='lat' dir='ltr'>Oem.</span> <span class='ocrx_word' id='word_1_28' title='bbox 355 710 464 764; x_wconf 87' lang='lat' dir='ltr'>Boorne</span> <span class='ocrx_word' id='word_1_29' title='bbox 476 709 574 764; x_wconf 86' lang='lat' dir='ltr'>Corslo</span> <span class='ocrx_word' id='word_1_30' title='bbox 591 707 734 780; x_wconf 81' lang='lat' dir='ltr'>Fotherby</span> <span class='ocrx_word' id='word_1_31' title='bbox 752 715 782 762; x_wconf 84' lang='lat' dir='ltr'>et</span> <span class='ocrx_word' id='word_1_32' title='bbox 800 705 919 778; x_wconf 77' lang='lat' dir='ltr'>Redulp.</span> <span class='ocrx_word' id='word_1_33' title='bbox 938 707 1027 781; x_wconf 85' lang='lat' dir='ltr'>Tyrer</span> <span class='ocrx_word' id='word_1_34' title='bbox 1062 709 1115 776; x_wconf 65' lang='grc' dir='ltr'>(111Ι</span> <span class='ocrx_word' id='word_1_35' title='bbox 1130 703 1221 760; x_wconf 85' lang='lat' dir='ltr'>Abbis</span> <span class='ocrx_word' id='word_1_36' title='bbox 1237 722 1294 759; x_wconf 91' lang='lat' dir='ltr'>non</span> <span class='ocrx_word' id='word_1_37' title='bbox 1311 705 1350 758; x_wconf 90' lang='lat' dir='ltr'>in-</span> 
     </span>
     <span class='ocr_line' id='line_1_5' title="bbox 266 797 364 868; baseline 0 -15"><span class='ocrx_word' id='word_1_38' title='bbox 266 797 364 868; x_wconf 78' lang='lat' dir='ltr'><strong>travit)</strong></span> 
     </span>
    </p>
   </div>
   <div class='ocr_carea' id='block_1_3' title="bbox 557 1185 1013 1270">
    <p class='ocr_par' dir='ltr' id='par_1_3' title="bbox 557 1185 1013 1270">
     <span class='ocr_line' id='line_1_6' title="bbox 557 1185 1013 1270; baseline -0.013 -17"><span class='ocrx_word' id='word_1_39' title='bbox 557 1189 645 1254; x_wconf 90' lang='lat' dir='ltr'>Ordo</span> <span class='ocrx_word' id='word_1_40' title='bbox 667 1185 867 1252; x_wconf 84' lang='lat' dir='ltr'>senioritatis</span> <span class='ocrx_word' id='word_1_41' title='bbox 889 1199 1013 1270; x_wconf 56' lang='lat' dir='ltr'>moros</span> 
     </span>
    </p>
   </div>
   <div class='ocr_carea' id='block_1_4' title="bbox 320 1375 872 1873">
    <p class='ocr_par' dir='ltr' id='par_1_4' title="bbox 320 1375 872 1873">
     <span class='ocr_line' id='line_1_7' title="bbox 320 1375 872 1432; baseline -0.007 0"><span class='ocrx_word' id='word_1_42' title='bbox 320 1388 360 1432; x_wconf 76' lang='lat' dir='ltr'>mr</span> <span class='ocrx_word' id='word_1_43' title='bbox 373 1377 474 1432; x_wconf 75' lang='lat' dir='ltr'>Horres</span> <span class='ocrx_word' id='word_1_44' title='bbox 715 1375 872 1430; x_wconf 82' lang='lat' dir='ltr'>Wolleston</span> 
     </span>
     <span class='ocr_line' id='line_1_8' title="bbox 375 1463 833 1521; baseline -0.007 0"><span class='ocrx_word' id='word_1_45' title='bbox 375 1467 429 1521; x_wconf 82' lang='lat' dir='ltr'>Leo</span> <span class='ocrx_word' id='word_1_46' title='bbox 720 1463 833 1518; x_wconf 88' lang='lat' dir='ltr'>Morrell</span> 
     </span>
     <span class='ocr_line' id='line_1_9' title="bbox 374 1552 807 1623; baseline -0.007 -14"><span class='ocrx_word' id='word_1_47' title='bbox 374 1553 470 1609; x_wconf 85' lang='lat' dir='ltr'>Heord</span> <span class='ocrx_word' id='word_1_48' title='bbox 718 1552 807 1623; x_wconf 84' lang='lat' dir='ltr'>Tyror</span> 
     </span>
     <span class='ocr_line' id='line_1_10' title="bbox 374 1637 848 1712; baseline -0.011 -16"><span class='ocrx_word' id='word_1_49' title='bbox 374 1641 493 1712; x_wconf 75' lang='lat' dir='ltr'>drayton</span> <span class='ocrx_word' id='word_1_50' title='bbox 720 1637 848 1693; x_wconf 83' lang='lat' dir='ltr'>Johnson</span> 
     </span>
     <span class='ocr_line' id='line_1_11' title="bbox 376 1727 854 1802; baseline -0.006 -18"><span class='ocrx_word' id='word_1_51' title='bbox 376 1730 525 1802; x_wconf 79' lang='lat' dir='ltr'>Pukeryng</span> <span class='ocrx_word' id='word_1_52' title='bbox 718 1727 854 1782; x_wconf 84' lang='lat' dir='ltr'>Robertee</span> 
     </span>
     <span class='ocr_line' id='line_1_12' title="bbox 375 1818 479 1873; baseline 0 -1"><span class='ocrx_word' id='word_1_53' title='bbox 375 1818 479 1873; x_wconf 83' lang='lat' dir='ltr'>Nelson</span> 
     </span>
    </p>
   </div>
   <div class='ocr_carea' id='block_1_5' title="bbox 578 2202 981 2287">
    <p class='ocr_par' dir='ltr' id='par_1_5' title="bbox 578 2202 981 2287">
     <span class='ocr_line' id='line_1_13' title="bbox 578 2202 981 2287; baseline -0.007 -18"><span class='ocrx_word' id='word_1_54' title='bbox 578 2205 734 2270; x_wconf 84' lang='lat' dir='ltr'>Doctores</span> <span class='ocrx_word' id='word_1_55' title='bbox 757 2206 791 2268; x_wconf 91' lang='lat' dir='ltr'>in</span> <span class='ocrx_word' id='word_1_56' title='bbox 818 2202 981 2287; x_wconf 77' lang='lat' dir='ltr'>theologia</span> 
     </span>
    </p>
   </div>
   <div class='ocr_carea' id='block_1_6' title="bbox 200 2393 1359 3440">
    <p class='ocr_par' dir='ltr' id='par_1_6' title="bbox 200 2393 1358 2823">
     <span class='ocr_line' id='line_1_14' title="bbox 200 2393 1356 2469; baseline -0.007 -14"><span class='ocrx_word' id='word_1_57' title='bbox 200 2401 368 2457; x_wconf 76' lang='lat' dir='ltr'>Conceditur</span> <span class='ocrx_word' id='word_1_58' title='bbox 380 2399 555 2457; x_wconf 75' lang='grc'><strong>1010100111</strong></span> <span class='ocrx_word' id='word_1_59' title='bbox 568 2399 702 2469; x_wconf 75' lang='lat' dir='ltr'>magistro</span> <span class='ocrx_word' id='word_1_60' title='bbox 717 2398 838 2452; x_wconf 86' lang='lat' dir='ltr'>Roberto</span> <span class='ocrx_word' id='word_1_61' title='bbox 852 2397 932 2450; x_wconf 87' lang='lat' dir='ltr'>West</span> <span class='ocrx_word' id='word_1_62' title='bbox 945 2399 976 2450; x_wconf 87' lang='lat' dir='ltr'>vt</span> <span class='ocrx_word' id='word_1_63' title='bbox 988 2393 1115 2450; x_wconf 80' lang='lat' dir='ltr'>studium</span> <span class='ocrx_word' id='word_1_64' title='bbox 1130 2397 1163 2448; x_wconf 78' lang='lat'>12</span> <span class='ocrx_word' id='word_1_65' title='bbox 1175 2411 1313 2447; x_wconf 75' lang='lat' dir='ltr'>annorum</span> <span class='ocrx_word' id='word_1_66' title='bbox 1328 2393 1356 2447; x_wconf 90' lang='lat' dir='ltr'>in</span> 
     </span>
     <span class='ocr_line' id='line_1_15' title="bbox 270 2483 1358 2560; baseline -0.009 -16"><span class='ocrx_word' id='word_1_67' title='bbox 270 2490 408 2560; x_wconf 74' lang='lat' dir='ltr'>theologia</span> <span class='ocrx_word' id='word_1_68' title='bbox 420 2495 484 2560; x_wconf 90' lang='lat' dir='ltr'>post</span> <span class='ocrx_word' id='word_1_69' title='bbox 495 2487 613 2559; x_wconf 74' lang='lat' dir='ltr'>gradum</span> <span class='ocrx_word' id='word_1_70' title='bbox 627 2486 875 2541; x_wconf 80' lang='lat' dir='ltr'>bocchslaureetus</span> <span class='ocrx_word' id='word_1_71' title='bbox 891 2485 919 2538; x_wconf 92' lang='lat' dir='ltr'>in</span> <span class='ocrx_word' id='word_1_72' title='bbox 933 2483 1029 2538; x_wconf 81' lang='lat' dir='ltr'>eodem</span> <span class='ocrx_word' id='word_1_73' title='bbox 1042 2487 1205 2553; x_wconf 83' lang='lat' dir='ltr'>susceptum</span> <span class='ocrx_word' id='word_1_74' title='bbox 1220 2497 1284 2535; x_wconf 86' lang='lat' dir='ltr'>oum</span> <span class='ocrx_word' id='word_1_75' title='bbox 1303 2499 1358 2535; x_wconf 81' lang='lat' dir='ltr'>vno</span> 
     </span>
     <span class='ocr_line' id='line_1_16' title="bbox 271 2569 1357 2642; baseline -0.006 -10"><span class='ocrx_word' id='word_1_76' title='bbox 271 2596 398 2633; x_wconf 88' lang='lat' dir='ltr'>sermone</span> <span class='ocrx_word' id='word_1_77' title='bbox 409 2577 446 2633; x_wconf 79' lang='lat' dir='ltr'>od</span> <span class='ocrx_word' id='word_1_78' title='bbox 458 2576 564 2632; x_wconf 86' lang='lat' dir='ltr'>clerum</span> <span class='ocrx_word' id='word_1_79' title='bbox 576 2581 606 2631; x_wconf 89' lang='lat' dir='ltr'>et</span> <span class='ocrx_word' id='word_1_80' title='bbox 617 2573 728 2630; x_wconf 90' lang='lat' dir='ltr'>duobus</span> <span class='ocrx_word' id='word_1_81' title='bbox 740 2570 916 2628; x_wconf 83' lang='lat' dir='ltr'>sermonibus</span> <span class='ocrx_word' id='word_1_82' title='bbox 927 2570 963 2626; x_wconf 83' lang='lat' dir='ltr'>od</span> <span class='ocrx_word' id='word_1_83' title='bbox 975 2570 1112 2642; x_wconf 89' lang='lat' dir='ltr'>populum</span> <span class='ocrx_word' id='word_1_84' title='bbox 1128 2570 1158 2624; x_wconf 89' lang='lat' dir='ltr'>io</span> <span class='ocrx_word' id='word_1_85' title='bbox 1171 2569 1285 2624; x_wconf 78' lang='lat' dir='ltr'>ecclesie</span> <span class='ocrx_word' id='word_1_86' title='bbox 1294 2571 1357 2640; x_wconf 84' lang='lat' dir='ltr'>(sic)</span> 
     </span>
     <span class='ocr_line' id='line_1_17' title="bbox 271 2657 1356 2734; baseline -0.007 -14"><span class='ocrx_word' id='word_1_87' title='bbox 271 2665 352 2719; x_wconf 78' lang='lat' dir='ltr'>beate</span> <span class='ocrx_word' id='word_1_88' title='bbox 366 2665 455 2719; x_wconf 81' lang='lat' dir='ltr'>Mario</span> <span class='ocrx_word' id='word_1_89' title='bbox 466 2669 533 2718; x_wconf 81' lang='lat' dir='ltr'>ante</span> <span class='ocrx_word' id='word_1_90' title='bbox 545 2664 606 2734; x_wconf 85' lang='lat' dir='ltr'>ejus</span> <span class='ocrx_word' id='word_1_91' title='bbox 618 2663 817 2718; x_wconf 79' lang='lat' dir='ltr'>admissionem</span> <span class='ocrx_word' id='word_1_92' title='bbox 831 2659 956 2715; x_wconf 84' lang='lat' dir='ltr'>dicendis</span> <span class='ocrx_word' id='word_1_93' title='bbox 967 2665 997 2714; x_wconf 89' lang='lat' dir='ltr'>et</span> <span class='ocrx_word' id='word_1_94' title='bbox 1009 2657 1185 2730; x_wconf 84' lang='lat' dir='ltr'>perficiendis</span> <span class='ocrx_word' id='word_1_95' title='bbox 1197 2659 1318 2714; x_wconf 80' lang='lat' dir='ltr'>sufficiat</span> <span class='ocrx_word' id='word_1_96' title='bbox 1331 2659 1356 2713; x_wconf 87' lang='lat' dir='ltr'>ei</span> 
     </span>
     <span class='ocr_line' id='line_1_18' title="bbox 272 2749 1355 2823; baseline -0.007 -16"><span class='ocrx_word' id='word_1_97' title='bbox 272 2751 308 2807; x_wconf 86' lang='lat' dir='ltr'>sd</span> <span class='ocrx_word' id='word_1_98' title='bbox 321 2750 510 2823; x_wconf 83' lang='lat' dir='ltr'>incipiendum</span> <span class='ocrx_word' id='word_1_99' title='bbox 523 2753 552 2805; x_wconf 89' lang='lat' dir='ltr'>in</span> <span class='ocrx_word' id='word_1_100' title='bbox 565 2749 796 2820; x_wconf 77' lang='lat' dir='ltr'>secratheologio</span> <span class='ocrx_word' id='word_1_101' title='bbox 1351 2814 1355 2820; x_wconf 26' lang='grc' dir='ltr'>Ι</span> 
     </span>
    </p>

    <p class='ocr_par' dir='ltr' id='par_1_7' title="bbox 202 2835 1359 3440">
     <span class='ocr_line' id='line_1_19' title="bbox 202 2835 1356 2923; baseline -0.004 -29"><span class='ocrx_word' id='word_1_102' title='bbox 202 2838 370 2923; x_wconf 75' lang='lat' dir='ltr'>Conceditur</span> <span class='ocrx_word' id='word_1_103' title='bbox 383 2844 416 2897; x_wconf 80' lang='lat'>27</span> <span class='ocrx_word' id='word_1_104' title='bbox 430 2839 498 2895; x_wconf 73' lang='lat' dir='ltr'>Maii</span> <span class='ocrx_word' id='word_1_105' title='bbox 514 2841 648 2910; x_wconf 73' lang='lat' dir='ltr'>magistro</span> <span class='ocrx_word' id='word_1_106' title='bbox 661 2839 800 2894; x_wconf 87' lang='lat' dir='ltr'>Willelmo</span> <span class='ocrx_word' id='word_1_107' title='bbox 817 2837 975 2892; x_wconf 81' lang='lat' dir='ltr'>Whitocres</span> <span class='ocrx_word' id='word_1_108' title='bbox 993 2840 1025 2891; x_wconf 89' lang='lat' dir='ltr'>vt</span> <span class='ocrx_word' id='word_1_109' title='bbox 1040 2835 1168 2898; x_wconf 84' lang='lat' dir='ltr'>studium</span> <span class='ocrx_word' id='word_1_110' title='bbox 1186 2842 1203 2890; x_wconf 78' lang='lat' dir='ltr'>t</span> <span class='ocrx_word' id='word_1_111' title='bbox 1219 2853 1356 2891; x_wconf 72' lang='lat' dir='ltr'>annorum</span> 
     </span>
     <span class='ocr_line' id='line_1_20' title="bbox 271 2925 1359 3000; baseline -0.005 -17"><span class='ocrx_word' id='word_1_112' title='bbox 271 2929 300 2984; x_wconf 89' lang='lat' dir='ltr'>in</span> <span class='ocrx_word' id='word_1_113' title='bbox 317 2946 396 2984; x_wconf 79' lang='lat' dir='ltr'>sacre</span> <span class='ocrx_word' id='word_1_114' title='bbox 411 2928 550 2999; x_wconf 77' lang='grc'><strong>1110010310</strong></span> <span class='ocrx_word' id='word_1_115' title='bbox 566 2935 630 3000; x_wconf 87' lang='lat' dir='ltr'>post</span> <span class='ocrx_word' id='word_1_116' title='bbox 646 2927 764 2998; x_wconf 72' lang='lat' dir='ltr'>gradum</span> <span class='ocrx_word' id='word_1_117' title='bbox 785 2926 1034 2982; x_wconf 80' lang='lat' dir='ltr'>boeoheleureutus</span> <span class='ocrx_word' id='word_1_118' title='bbox 1053 2925 1083 2980; x_wconf 91' lang='lat' dir='ltr'>in</span> <span class='ocrx_word' id='word_1_119' title='bbox 1103 2925 1201 2980; x_wconf 79' lang='lat' dir='ltr'>eadem</span> <span class='ocrx_word' id='word_1_120' title='bbox 1223 2925 1359 2980; x_wconf 72' lang='lat' dir='ltr'>facultate</span> 
     </span>
     <span class='ocr_line' id='line_1_21' title="bbox 272 3014 1357 3089; baseline -0.004 -17"><span class='ocrx_word' id='word_1_121' title='bbox 272 3023 433 3088; x_wconf 82' lang='lat' dir='ltr'>susceptum</span> <span class='ocrx_word' id='word_1_122' title='bbox 454 3035 519 3072; x_wconf 89' lang='lat' dir='ltr'>cum</span> <span class='ocrx_word' id='word_1_123' title='bbox 539 3017 671 3073; x_wconf 85' lang='lat' dir='ltr'>omnibus</span> <span class='ocrx_word' id='word_1_124' title='bbox 691 3017 914 3089; x_wconf 84' lang='lat' dir='ltr'>oppositionibus</span> <span class='ocrx_word' id='word_1_125' title='bbox 934 3014 1162 3086; x_wconf 80' lang='lat' dir='ltr'>responsionibus</span> <span class='ocrx_word' id='word_1_126' title='bbox 1181 3015 1357 3071; x_wconf 85' lang='lat' dir='ltr'>sermonibus</span> 
     </span>
     <span class='ocr_line' id='line_1_22' title="bbox 272 3103 1356 3177; baseline -0.002 -17"><span class='ocrx_word' id='word_1_127' title='bbox 272 3105 427 3176; x_wconf 81' lang='lat' dir='ltr'>ceterisque</span> <span class='ocrx_word' id='word_1_128' title='bbox 438 3105 577 3161; x_wconf 87' lang='lat' dir='ltr'>exercitiis</span> <span class='ocrx_word' id='word_1_129' title='bbox 589 3124 639 3177; x_wconf 85' lang='lat' dir='ltr'>per</span> <span class='ocrx_word' id='word_1_130' title='bbox 650 3109 760 3161; x_wconf 77' lang='grc'><strong>0101010</strong></span> <span class='ocrx_word' id='word_1_131' title='bbox 776 3106 851 3177; x_wconf 82' lang='grc'><strong>10310</strong></span> <span class='ocrx_word' id='word_1_132' title='bbox 865 3105 1010 3176; x_wconf 85' lang='lat' dir='ltr'>requisitis</span> <span class='ocrx_word' id='word_1_133' title='bbox 1026 3105 1148 3160; x_wconf 83' lang='lat' dir='ltr'>sufficiat</span> <span class='ocrx_word' id='word_1_134' title='bbox 1163 3105 1189 3159; x_wconf 87' lang='lat' dir='ltr'>ei</span> <span class='ocrx_word' id='word_1_135' title='bbox 1206 3103 1242 3160; x_wconf 79' lang='lat' dir='ltr'>nd</span> <span class='ocrx_word' id='word_1_136' title='bbox 1260 3105 1356 3175; x_wconf 86' lang='lat' dir='ltr'>incipi·</span> 
     </span>
     <span class='ocr_line' id='line_1_23' title="bbox 272 3192 1358 3265; baseline -0.004 -15"><span class='ocrx_word' id='word_1_137' title='bbox 272 3194 376 3250; x_wconf 85' lang='lat' dir='ltr'>endum</span> <span class='ocrx_word' id='word_1_138' title='bbox 389 3196 419 3249; x_wconf 92' lang='lat' dir='ltr'>in</span> <span class='ocrx_word' id='word_1_139' title='bbox 431 3194 661 3265; x_wconf 77' lang='grc'><strong>00010110010310</strong></span> <span class='ocrx_word' id='word_1_140' title='bbox 696 3194 802 3249; x_wconf 81' lang='lat' dir='ltr'>Eodem</span> <span class='ocrx_word' id='word_1_141' title='bbox 814 3196 906 3265; x_wconf 80' lang='lat' dir='ltr'>gratis</span> <span class='ocrx_word' id='word_1_142' title='bbox 918 3193 1082 3249; x_wconf 85' lang='lat' dir='ltr'>conceditur</span> <span class='ocrx_word' id='word_1_143' title='bbox 1090 3197 1124 3246; x_wconf 74' lang='lat'>24</span> <span class='ocrx_word' id='word_1_144' title='bbox 1134 3192 1152 3247; x_wconf 83' lang='grc'>1</span> <span class='ocrx_word' id='word_1_145' title='bbox 1154 3194 1213 3248; x_wconf 91' lang='lat' dir='ltr'>unii</span> <span class='ocrx_word' id='word_1_146' title='bbox 1224 3193 1358 3264; x_wconf 77' lang='lat' dir='ltr'>magistro</span> 
     </span>
     <span class='ocr_line' id='line_1_24' title="bbox 274 3281 1357 3355; baseline -0.001 -17"><span class='ocrx_word' id='word_1_147' title='bbox 274 3284 349 3338; x_wconf 86' lang='lat' dir='ltr'>Osm.</span> <span class='ocrx_word' id='word_1_148' title='bbox 368 3281 474 3355; x_wconf 68' lang='lat' dir='ltr'>[de]</span> <span class='ocrx_word' id='word_1_149' title='bbox 490 3282 608 3338; x_wconf 77' lang='lat' dir='ltr'>Berwell</span> <span class='ocrx_word' id='word_1_150' title='bbox 627 3283 761 3353; x_wconf 75' lang='lat' dir='ltr'>magistro</span> <span class='ocrx_word' id='word_1_151' title='bbox 781 3283 921 3338; x_wconf 89' lang='lat' dir='ltr'>Willolmo</span> <span class='ocrx_word' id='word_1_152' title='bbox 937 3282 1047 3337; x_wconf 88' lang='lat' dir='ltr'>Hinton</span> <span class='ocrx_word' id='word_1_153' title='bbox 1067 3286 1096 3336; x_wconf 88' lang='lat' dir='ltr'>et</span> <span class='ocrx_word' id='word_1_154' title='bbox 1115 3283 1250 3352; x_wconf 77' lang='lat' dir='ltr'>magistro</span> <span class='ocrx_word' id='word_1_155' title='bbox 1270 3281 1357 3338; x_wconf 87' lang='lat' dir='ltr'>Henr.</span> 
     </span>
     <span class='ocr_line' id='line_1_25' title="bbox 273 3369 1220 3440; baseline -0.001 -17"><span class='ocrx_word' id='word_1_156' title='bbox 273 3369 398 3424; x_wconf 85' lang='lat' dir='ltr'>Withers</span> <span class='ocrx_word' id='word_1_157' title='bbox 411 3371 462 3438; x_wconf 77' lang='lat' dir='ltr'>(m¹</span> <span class='ocrx_word' id='word_1_158' title='bbox 474 3369 553 3425; x_wconf 85' lang='lat' dir='ltr'>West</span> <span class='ocrx_word' id='word_1_159' title='bbox 565 3387 622 3425; x_wconf 87' lang='lat' dir='ltr'>non</span> <span class='ocrx_word' id='word_1_160' title='bbox 634 3375 679 3424; x_wconf 86' lang='lat' dir='ltr'>est</span> <span class='ocrx_word' id='word_1_161' title='bbox 690 3370 876 3440; x_wconf 73' lang='lat' dir='ltr'>inauguratus</span> <span class='ocrx_word' id='word_1_162' title='bbox 888 3374 918 3425; x_wconf 88' lang='lat' dir='ltr'>et</span> <span class='ocrx_word' id='word_1_163' title='bbox 930 3369 992 3425; x_wconf 89' lang='lat' dir='ltr'>ideo</span> <span class='ocrx_word' id='word_1_164' title='bbox 1004 3369 1140 3425; x_wconf 78' lang='lat' dir='ltr'>forisfecit</span> <span class='ocrx_word' id='word_1_165' title='bbox 1151 3371 1220 3439; x_wconf 82' lang='lat' dir='ltr'>xrs)</span> 
     </span>
    </p>
   </div>
   <div class='ocr_carea' id='block_1_7' title="bbox 564 3769 996 3855">
    <p class='ocr_par' dir='ltr' id='par_1_8' title="bbox 564 3769 996 3855">
     <span class='ocr_line' id='line_1_26' title="bbox 564 3769 996 3855; baseline -0.005 -19"><span class='ocrx_word' id='word_1_166' title='bbox 564 3771 652 3836; x_wconf 89' lang='lat' dir='ltr'>Ordo</span> <span class='ocrx_word' id='word_1_167' title='bbox 675 3769 872 3834; x_wconf 85' lang='lat' dir='ltr'>eenioritstis</span> <span class='ocrx_word' id='word_1_168' title='bbox 895 3792 996 3855; x_wconf 79' lang='grc'><strong>01013.</strong></span> 
     </span>
    </p>
   </div>
   <div class='ocr_carea' id='block_1_8' title="bbox 447 3961 1109 4121">
    <p class='ocr_par' dir='ltr' id='par_1_9' title="bbox 447 3961 1109 4121">
     <span class='ocr_line' id='line_1_27' title="bbox 447 3961 1108 4018; baseline 0 -2"><span class='ocrx_word' id='word_1_169' title='bbox 447 3973 486 4016; x_wconf 77' lang='lat' dir='ltr'>rur</span> <span class='ocrx_word' id='word_1_170' title='bbox 498 3963 524 4018; x_wconf 93' lang='lat' dir='ltr'>d.</span> <span class='ocrx_word' id='word_1_171' title='bbox 538 3962 697 4018; x_wconf 78' lang='lat' dir='ltr'>Whitocres</span> <span class='ocrx_word' id='word_1_172' title='bbox 899 3971 939 4017; x_wconf 73' lang='lat' dir='ltr'>rnr</span> <span class='ocrx_word' id='word_1_173' title='bbox 952 3961 977 4017; x_wconf 92' lang='lat' dir='ltr'>d.</span> <span class='ocrx_word' id='word_1_174' title='bbox 993 3962 1108 4016; x_wconf 80' lang='lat' dir='ltr'>Boruell</span> 
     </span>
     <span class='ocr_line' id='line_1_28' title="bbox 447 4049 1109 4121; baseline -0.003 -15"><span class='ocrx_word' id='word_1_175' title='bbox 447 4049 524 4108; x_wconf 72' lang='lat' dir='ltr'>m&#39;d.</span> <span class='ocrx_word' id='word_1_176' title='bbox 538 4050 683 4106; x_wconf 84' lang='lat' dir='ltr'>Whithers</span> <span class='ocrx_word' id='word_1_177' title='bbox 896 4059 937 4104; x_wconf 78' lang='lat' dir='ltr'>mr</span> <span class='ocrx_word' id='word_1_178' title='bbox 949 4049 975 4107; x_wconf 90' lang='lat' dir='ltr'>d.</span> <span class='ocrx_word' id='word_1_179' title='bbox 990 4049 1109 4121; x_wconf 80' lang='lat' dir='ltr'>Hyetou</span> 
     </span>
    </p>
   </div>
   <div class='ocr_carea' id='block_1_9' title="bbox 199 4307 1356 4482">
    <p class='ocr_par' dir='ltr' id='par_1_10' title="bbox 199 4307 1356 4482">
     <span class='ocr_line' id='line_1_29' title="bbox 199 4307 1356 4380; baseline -0.001 -18"><span class='ocrx_word' id='word_1_180' title='bbox 199 4307 371 4364; x_wconf 80' lang='lat' dir='ltr'>Conceditur</span> <span class='ocrx_word' id='word_1_181' title='bbox 385 4313 418 4364; x_wconf 92' lang='grc'>19</span> <span class='ocrx_word' id='word_1_182' title='bbox 431 4308 500 4363; x_wconf 82' lang='grc' dir='ltr'>Μο11</span> <span class='ocrx_word' id='word_1_183' title='bbox 512 4311 545 4362; x_wconf 90' lang='lat' dir='ltr'>vt</span> <span class='ocrx_word' id='word_1_184' title='bbox 557 4307 690 4378; x_wconf 77' lang='lat' dir='ltr'>magister</span> <span class='ocrx_word' id='word_1_185' title='bbox 703 4308 789 4362; x_wconf 84' lang='lat' dir='ltr'>Honr.</span> <span class='ocrx_word' id='word_1_186' title='bbox 801 4307 946 4363; x_wconf 85' lang='lat' dir='ltr'>Whithers</span> <span class='ocrx_word' id='word_1_187' title='bbox 958 4308 998 4364; x_wconf 86' lang='lat' dir='ltr'>sit</span> <span class='ocrx_word' id='word_1_188' title='bbox 1009 4307 1054 4362; x_wconf 89' lang='lat' dir='ltr'>hio</span> <span class='ocrx_word' id='word_1_189' title='bbox 1066 4308 1140 4380; x_wconf 81' lang='lat' dir='ltr'>apud</span> <span class='ocrx_word' id='word_1_190' title='bbox 1150 4327 1200 4363; x_wconf 84' lang='lat' dir='ltr'>vos</span> <span class='ocrx_word' id='word_1_191' title='bbox 1213 4308 1241 4362; x_wconf 87' lang='lat' dir='ltr'>in</span> <span class='ocrx_word' id='word_1_192' title='bbox 1251 4307 1356 4362; x_wconf 89' lang='lat' dir='ltr'>eisdem</span> 
     </span>
     <span class='ocr_line' id='line_1_30' title="bbox 271 4396 1133 4482; baseline 0 -30"><span class='ocrx_word' id='word_1_193' title='bbox 271 4401 351 4453; x_wconf 80' lang='lat' dir='ltr'>stetu</span> <span class='ocrx_word' id='word_1_194' title='bbox 363 4397 501 4454; x_wconf 80' lang='lat' dir='ltr'>ordineet</span> <span class='ocrx_word' id='word_1_195' title='bbox 512 4396 601 4469; x_wconf 76' lang='lat' dir='ltr'>gradu</span> <span class='ocrx_word' id='word_1_196' title='bbox 613 4396 716 4470; x_wconf 86' lang='lat' dir='ltr'>quibus</span> <span class='ocrx_word' id='word_1_197' title='bbox 729 4404 774 4482; x_wconf 76' lang='grc'>001</span> <span class='ocrx_word' id='word_1_198' title='bbox 785 4398 814 4452; x_wconf 87' lang='lat' dir='ltr'>io</span> <span class='ocrx_word' id='word_1_199' title='bbox 827 4396 970 4454; x_wconf 72' lang='lat' dir='ltr'>academie</span> <span class='ocrx_word' id='word_1_200' title='bbox 983 4397 1133 4454; x_wconf 85' lang='lat' dir='ltr'>Oxonieusi</span> 
     </span>
    </p>
   </div>
   <div class='ocr_carea' id='block_1_10' title="bbox 0 0 1710 5122">
    <p class='ocr_par' dir='ltr' id='par_1_11' title="bbox 0 0 1710 5122">
     <span class='ocr_line' id='line_1_31' title="bbox 0 0 1710 5122; baseline 0 0"><span class='ocrx_word' id='word_1_201' title='bbox 0 0 1710 5122; x_wconf 95' lang='lat' dir='ltr'> </span> 
     </span>
    </p>
   </div>
  </div>
 </body>
</html>
