<?xml version="1.0" encoding="UTF-8"?>
<!DOCTYPE html PUBLIC "-//W3C//DTD XHTML 1.0 Transitional//EN"
    "http://www.w3.org/TR/xhtml1/DTD/xhtml1-transitional.dtd">
<html xmlns="http://www.w3.org/1999/xhtml" xml:lang="en" lang="en">
 <head>
  <title>
</title>
<meta http-equiv="Content-Type" content="text/html;charset=utf-8" />
  <meta name='ocr-system' content='tesseract 3.04.00' />
  <meta name='ocr-capabilities' content='ocr_page ocr_carea ocr_par ocr_line ocrx_word'/>
</head>
<body>
  <div class='ocr_page' id='page_1' title='image "./gracebookgreekl00venngoog_0387.png"; bbox 0 0 3408 5116; ppageno 0'>
   <div class='ocr_carea' id='block_1_1' title="bbox 797 271 1527 356">
    <p class='ocr_par' dir='ltr' id='par_1_1' title="bbox 797 271 1527 356">
     <span class='ocr_line' id='line_1_1' title="bbox 797 271 1527 356; baseline -0.012 -15"><span class='ocrx_word' id='word_1_1' title='bbox 797 291 911 341; x_wconf 72' lang='lat' dir='ltr'>culon</span> <span class='ocrx_word' id='word_1_2' title='bbox 934 291 1028 340; x_wconf 79' lang='lat' dir='ltr'>soon</span> <span class='ocrx_word' id='word_1_3' title='bbox 1053 289 1075 338; x_wconf 75' lang='grc' dir='ltr'>Δ</span> <span class='ocrx_word' id='word_1_4' title='bbox 1355 271 1527 356; x_wconf 82' lang='lat'>[1581-82</span> 
     </span>
    </p>
   </div>
   <div class='ocr_carea' id='block_1_2' title="bbox 713 617 1179 705">
    <p class='ocr_par' dir='ltr' id='par_1_2' title="bbox 713 617 1179 705">
     <span class='ocr_line' id='line_1_2' title="bbox 713 617 1179 705; baseline -0.013 -19"><span class='ocrx_word' id='word_1_5' title='bbox 713 619 943 686; x_wconf 80' lang='lat' dir='ltr'>Bacchalaurei</span> <span class='ocrx_word' id='word_1_6' title='bbox 965 619 1052 705; x_wconf 85' lang='lat' dir='ltr'>juris</span> <span class='ocrx_word' id='word_1_7' title='bbox 1074 617 1179 682; x_wconf 87' lang='lat' dir='ltr'>civilis</span> 
     </span>
    </p>
   </div>
   <div class='ocr_carea' id='block_1_3' title="bbox 365 788 1527 1217">
    <p class='ocr_par' dir='ltr' id='par_1_3' title="bbox 365 788 1527 1112">
     <span class='ocr_line' id='line_1_3' title="bbox 365 788 1525 865; baseline -0.007 -16"><span class='ocrx_word' id='word_1_8' title='bbox 365 794 536 850; x_wconf 76' lang='lat' dir='ltr'>Conceditur</span> <span class='ocrx_word' id='word_1_9' title='bbox 552 799 581 849; x_wconf 84' lang='lat'>3⁰</span> <span class='ocrx_word' id='word_1_10' title='bbox 593 795 701 865; x_wconf 81' lang='lat' dir='ltr'>Aprilis</span> <span class='ocrx_word' id='word_1_11' title='bbox 716 793 841 849; x_wconf 79' lang='lat' dir='ltr'>Antonio</span> <span class='ocrx_word' id='word_1_12' title='bbox 858 793 939 864; x_wconf 82' lang='lat' dir='ltr'>Style</span> <span class='ocrx_word' id='word_1_13' title='bbox 951 798 983 847; x_wconf 87' lang='lat' dir='ltr'>vt</span> <span class='ocrx_word' id='word_1_14' title='bbox 999 791 1126 847; x_wconf 89' lang='lat' dir='ltr'>studium</span> <span class='ocrx_word' id='word_1_15' title='bbox 1139 797 1155 846; x_wconf 80' lang='lat'>5</span> <span class='ocrx_word' id='word_1_16' title='bbox 1168 809 1307 847; x_wconf 82' lang='lat' dir='ltr'>annorum</span> <span class='ocrx_word' id='word_1_17' title='bbox 1324 791 1353 844; x_wconf 90' lang='lat' dir='ltr'>in</span> <span class='ocrx_word' id='word_1_18' title='bbox 1371 790 1431 845; x_wconf 78' lang='lat' dir='ltr'>iure</span> <span class='ocrx_word' id='word_1_19' title='bbox 1447 788 1525 842; x_wconf 87' lang='lat' dir='ltr'>civili</span> 
     </span>
     <span class='ocr_line' id='line_1_4' title="bbox 436 876 1527 953; baseline -0.007 -17"><span class='ocrx_word' id='word_1_20' title='bbox 436 899 500 937; x_wconf 90' lang='lat' dir='ltr'>cum</span> <span class='ocrx_word' id='word_1_21' title='bbox 515 881 743 953; x_wconf 87' lang='lat' dir='ltr'>opposicionibus</span> <span class='ocrx_word' id='word_1_22' title='bbox 758 880 986 952; x_wconf 82' lang='lat' dir='ltr'>responsionibus</span> <span class='ocrx_word' id='word_1_23' title='bbox 998 884 1028 933; x_wconf 86' lang='lat' dir='ltr'>et</span> <span class='ocrx_word' id='word_1_24' title='bbox 1039 879 1103 934; x_wconf 81' lang='lat' dir='ltr'>aliis</span> <span class='ocrx_word' id='word_1_25' title='bbox 1115 879 1254 934; x_wconf 82' lang='lat' dir='ltr'>exercitiis</span> <span class='ocrx_word' id='word_1_26' title='bbox 1267 895 1316 950; x_wconf 89' lang='lat' dir='ltr'>per</span> <span class='ocrx_word' id='word_1_27' title='bbox 1327 881 1437 932; x_wconf 77' lang='lat' dir='ltr'>statuta</span> <span class='ocrx_word' id='word_1_28' title='bbox 1449 876 1527 946; x_wconf 78' lang='lat' dir='ltr'>regia</span> 
     </span>
     <span class='ocr_line' id='line_1_5' title="bbox 435 963 1525 1039; baseline -0.006 -16"><span class='ocrx_word' id='word_1_29' title='bbox 435 969 580 1039; x_wconf 74' lang='lat' dir='ltr'>requisitis</span> <span class='ocrx_word' id='word_1_30' title='bbox 591 967 714 1022; x_wconf 79' lang='lat' dir='ltr'>sufficiat</span> <span class='ocrx_word' id='word_1_31' title='bbox 726 968 751 1021; x_wconf 87' lang='lat' dir='ltr'>ei</span> <span class='ocrx_word' id='word_1_32' title='bbox 764 966 799 1028; x_wconf 73' lang='lat' dir='ltr'>sd</span> <span class='ocrx_word' id='word_1_33' title='bbox 814 966 980 1022; x_wconf 82' lang='lat' dir='ltr'>intrandum</span> <span class='ocrx_word' id='word_1_34' title='bbox 992 967 1021 1020; x_wconf 92' lang='lat' dir='ltr'>in</span> <span class='ocrx_word' id='word_1_35' title='bbox 1034 965 1131 1020; x_wconf 82' lang='lat' dir='ltr'>codem</span> <span class='ocrx_word' id='word_1_36' title='bbox 1145 966 1205 1021; x_wconf 88' lang='lat' dir='ltr'>iure</span> <span class='ocrx_word' id='word_1_37' title='bbox 1217 966 1257 1020; x_wconf 88' lang='lat' dir='ltr'>sic</span> <span class='ocrx_word' id='word_1_38' title='bbox 1269 971 1301 1019; x_wconf 84' lang='lat' dir='ltr'>vt</span> <span class='ocrx_word' id='word_1_39' title='bbox 1312 963 1480 1035; x_wconf 73' lang='lat' dir='ltr'>respondeat</span> <span class='ocrx_word' id='word_1_40' title='bbox 1496 963 1525 1017; x_wconf 89' lang='lat' dir='ltr'>in</span> 
     </span>
     <span class='ocr_line' id='line_1_6' title="bbox 434 1057 740 1112; baseline 0 0"><span class='ocrx_word' id='word_1_41' title='bbox 434 1057 535 1112; x_wconf 80' lang='lat' dir='ltr'>habitu</span> <span class='ocrx_word' id='word_1_42' title='bbox 547 1057 740 1112; x_wconf 81' lang='lat' dir='ltr'>becchalaurei</span> 
     </span>
    </p>

    <p class='ocr_par' dir='ltr' id='par_1_4' title="bbox 365 1141 1499 1217">
     <span class='ocr_line' id='line_1_7' title="bbox 365 1141 1499 1217; baseline -0.004 -17"><span class='ocrx_word' id='word_1_43' title='bbox 365 1149 382 1200; x_wconf 89' lang='grc'>9</span> <span class='ocrx_word' id='word_1_44' title='bbox 396 1146 464 1202; x_wconf 77' lang='lat' dir='ltr'>Maii</span> <span class='ocrx_word' id='word_1_45' title='bbox 477 1146 573 1202; x_wconf 81' lang='lat' dir='ltr'>codem</span> <span class='ocrx_word' id='word_1_46' title='bbox 585 1147 677 1217; x_wconf 78' lang='lat' dir='ltr'>gratis</span> <span class='ocrx_word' id='word_1_47' title='bbox 689 1145 852 1201; x_wconf 72' lang='lat' dir='ltr'>conceditur</span> <span class='ocrx_word' id='word_1_48' title='bbox 865 1146 912 1200; x_wconf 90' lang='lat' dir='ltr'>W⁰</span> <span class='ocrx_word' id='word_1_49' title='bbox 925 1145 1027 1199; x_wconf 90' lang='lat' dir='ltr'>Boiton</span> <span class='ocrx_word' id='word_1_50' title='bbox 1064 1144 1103 1198; x_wconf 87' lang='lat' dir='ltr'>Et</span> <span class='ocrx_word' id='word_1_51' title='bbox 1117 1149 1150 1198; x_wconf 88' lang='grc'>14</span> <span class='ocrx_word' id='word_1_52' title='bbox 1162 1144 1180 1199; x_wconf 86' lang='lat' dir='ltr'><strong>J</strong></span> <span class='ocrx_word' id='word_1_53' title='bbox 1182 1144 1241 1199; x_wconf 88' lang='lat' dir='ltr'>unii</span> <span class='ocrx_word' id='word_1_54' title='bbox 1254 1143 1323 1199; x_wconf 84' lang='lat' dir='ltr'>Tho.</span> <span class='ocrx_word' id='word_1_55' title='bbox 1337 1141 1499 1197; x_wconf 82' lang='lat' dir='ltr'>Standeven</span> 
     </span>
    </p>
   </div>
   <div class='ocr_carea' id='block_1_4' title="bbox 728 1439 1160 1527">
    <p class='ocr_par' dir='ltr' id='par_1_5' title="bbox 728 1439 1160 1527">
     <span class='ocr_line' id='line_1_8' title="bbox 728 1439 1160 1527; baseline -0.002 -20"><span class='ocrx_word' id='word_1_56' title='bbox 728 1441 816 1507; x_wconf 89' lang='lat' dir='ltr'>Ordo</span> <span class='ocrx_word' id='word_1_57' title='bbox 839 1439 1037 1507; x_wconf 79' lang='lat' dir='ltr'>senioritetis</span> <span class='ocrx_word' id='word_1_58' title='bbox 1059 1463 1160 1527; x_wconf 66' lang='lat' dir='ltr'>musy.</span> 
     </span>
    </p>
   </div>
   <div class='ocr_carea' id='block_1_5' title="bbox 684 1614 1206 1774">
    <p class='ocr_par' dir='ltr' id='par_1_6' title="bbox 684 1614 1206 1774">
     <span class='ocr_line' id='line_1_9' title="bbox 684 1614 1206 1687; baseline -0.004 -17"><span class='ocrx_word' id='word_1_59' title='bbox 684 1616 762 1687; x_wconf 85' lang='lat' dir='ltr'>Style</span> <span class='ocrx_word' id='word_1_60' title='bbox 1045 1614 1206 1670; x_wconf 75' lang='lat' dir='ltr'>Stsndcven</span> 
     </span>
     <span class='ocr_line' id='line_1_10' title="bbox 684 1702 793 1774; baseline 0.018 -18"><span class='ocrx_word' id='word_1_61' title='bbox 684 1702 793 1774; x_wconf 86' lang='lat' dir='ltr'>Boyton</span> 
     </span>
    </p>
   </div>
   <div class='ocr_carea' id='block_1_6' title="bbox 652 2001 1238 2088">
    <p class='ocr_par' dir='ltr' id='par_1_7' title="bbox 652 2001 1238 2088">
     <span class='ocr_line' id='line_1_11' title="bbox 652 2001 1238 2088; baseline 0 -23"><span class='ocrx_word' id='word_1_62' title='bbox 652 2001 883 2070; x_wconf 80' lang='lat' dir='ltr'>Bacchslaurei</span> <span class='ocrx_word' id='word_1_63' title='bbox 906 2004 939 2066; x_wconf 91' lang='lat' dir='ltr'>in</span> <span class='ocrx_word' id='word_1_64' title='bbox 964 2025 1053 2068; x_wconf 78' lang='lat' dir='ltr'>secra</span> <span class='ocrx_word' id='word_1_65' title='bbox 1075 2001 1238 2088; x_wconf 77' lang='lat' dir='ltr'>theologia</span> 
     </span>
    </p>
   </div>
   <div class='ocr_carea' id='block_1_7' title="bbox 366 2165 1527 3389">
    <p class='ocr_par' dir='ltr' id='par_1_8' title="bbox 366 2165 1527 2595">
     <span class='ocr_line' id='line_1_12' title="bbox 366 2165 1525 2244; baseline -0.003 -17"><span class='ocrx_word' id='word_1_66' title='bbox 366 2172 535 2230; x_wconf 81' lang='lat' dir='ltr'>Conceditur</span> <span class='ocrx_word' id='word_1_67' title='bbox 551 2177 568 2228; x_wconf 86' lang='lat'><strong>9</strong></span> <span class='ocrx_word' id='word_1_68' title='bbox 585 2173 654 2228; x_wconf 83' lang='lat' dir='ltr'>Maii</span> <span class='ocrx_word' id='word_1_69' title='bbox 670 2173 805 2243; x_wconf 82' lang='lat' dir='ltr'>magistro</span> <span class='ocrx_word' id='word_1_70' title='bbox 824 2173 962 2228; x_wconf 88' lang='lat' dir='ltr'>Willelmo</span> <span class='ocrx_word' id='word_1_71' title='bbox 978 2170 1145 2244; x_wconf 77' lang='lat' dir='ltr'>Willrynson</span> <span class='ocrx_word' id='word_1_72' title='bbox 1163 2177 1194 2227; x_wconf 87' lang='lat' dir='ltr'>vt</span> <span class='ocrx_word' id='word_1_73' title='bbox 1210 2165 1338 2227; x_wconf 87' lang='lat' dir='ltr'>studium</span> <span class='ocrx_word' id='word_1_74' title='bbox 1356 2175 1525 2228; x_wconf 80' lang='lat' dir='ltr'>&#39;lannorum</span> 
     </span>
     <span class='ocr_line' id='line_1_13' title="bbox 436 2259 1525 2334; baseline -0.003 -18"><span class='ocrx_word' id='word_1_75' title='bbox 436 2262 466 2317; x_wconf 91' lang='lat' dir='ltr'>in</span> <span class='ocrx_word' id='word_1_76' title='bbox 490 2262 631 2332; x_wconf 80' lang='lat' dir='ltr'>theologia</span> <span class='ocrx_word' id='word_1_77' title='bbox 654 2267 805 2334; x_wconf 82' lang='lat' dir='ltr'>postquam</span> <span class='ocrx_word' id='word_1_78' title='bbox 830 2263 933 2318; x_wconf 80' lang='lat' dir='ltr'>rexerit</span> <span class='ocrx_word' id='word_1_79' title='bbox 957 2262 985 2318; x_wconf 90' lang='lat' dir='ltr'>in</span> <span class='ocrx_word' id='word_1_80' title='bbox 1010 2261 1121 2316; x_wconf 83' lang='lat' dir='ltr'>artibus</span> <span class='ocrx_word' id='word_1_81' title='bbox 1145 2279 1208 2316; x_wconf 88' lang='lat' dir='ltr'>curn</span> <span class='ocrx_word' id='word_1_82' title='bbox 1233 2259 1458 2332; x_wconf 89' lang='lat' dir='ltr'>opposicionibus</span> <span class='ocrx_word' id='word_1_83' title='bbox 1484 2277 1525 2314; x_wconf 83' lang='lat' dir='ltr'>rc·</span> 
     </span>
     <span class='ocr_line' id='line_1_14' title="bbox 437 2347 1527 2420; baseline -0.002 -16"><span class='ocrx_word' id='word_1_84' title='bbox 437 2349 635 2420; x_wconf 86' lang='lat' dir='ltr'>sponsionibus</span> <span class='ocrx_word' id='word_1_85' title='bbox 669 2349 845 2405; x_wconf 81' lang='lat' dir='ltr'>sermonibus</span> <span class='ocrx_word' id='word_1_86' title='bbox 879 2356 908 2406; x_wconf 83' lang='lat' dir='ltr'>et</span> <span class='ocrx_word' id='word_1_87' title='bbox 940 2351 1004 2405; x_wconf 76' lang='lat' dir='ltr'>eliis</span> <span class='ocrx_word' id='word_1_88' title='bbox 1038 2350 1178 2405; x_wconf 81' lang='lat' dir='ltr'>exercitiis</span> <span class='ocrx_word' id='word_1_89' title='bbox 1212 2367 1261 2420; x_wconf 83' lang='lat' dir='ltr'>per</span> <span class='ocrx_word' id='word_1_90' title='bbox 1292 2353 1403 2404; x_wconf 72' lang='lat' dir='ltr'>statuta</span> <span class='ocrx_word' id='word_1_91' title='bbox 1437 2347 1527 2418; x_wconf 76' lang='lat' dir='ltr'>Regia</span> 
     </span>
     <span class='ocr_line' id='line_1_15' title="bbox 436 2435 1525 2510; baseline 0 -19"><span class='ocrx_word' id='word_1_92' title='bbox 436 2437 581 2508; x_wconf 82' lang='lat' dir='ltr'>requisitis</span> <span class='ocrx_word' id='word_1_93' title='bbox 601 2437 723 2492; x_wconf 80' lang='lat' dir='ltr'>sufficiat</span> <span class='ocrx_word' id='word_1_94' title='bbox 744 2438 769 2492; x_wconf 86' lang='lat' dir='ltr'>ci</span> <span class='ocrx_word' id='word_1_95' title='bbox 789 2443 848 2493; x_wconf 79' lang='lat' dir='ltr'>tum</span> <span class='ocrx_word' id='word_1_96' title='bbox 871 2438 905 2494; x_wconf 83' lang='lat' dir='ltr'>ad</span> <span class='ocrx_word' id='word_1_97' title='bbox 928 2438 1126 2510; x_wconf 90' lang='lat' dir='ltr'>opponendum</span> <span class='ocrx_word' id='word_1_98' title='bbox 1146 2456 1232 2510; x_wconf 80' lang='lat' dir='ltr'>quam</span> <span class='ocrx_word' id='word_1_99' title='bbox 1250 2437 1286 2493; x_wconf 82' lang='lat' dir='ltr'>od</span> <span class='ocrx_word' id='word_1_100' title='bbox 1308 2435 1473 2492; x_wconf 75' lang='lat' dir='ltr'>intrandum</span> <span class='ocrx_word' id='word_1_101' title='bbox 1493 2435 1525 2490; x_wconf 92' lang='lat' dir='ltr'>in</span> 
     </span>
     <span class='ocr_line' id='line_1_16' title="bbox 421 2524 672 2595; baseline 0.004 -17"><span class='ocrx_word' id='word_1_102' title='bbox 421 2529 515 2579; x_wconf 77' lang='lat' dir='ltr'>&#39;secra</span> <span class='ocrx_word' id='word_1_103' title='bbox 533 2524 672 2595; x_wconf 79' lang='lat' dir='ltr'>theologia</span> 
     </span>
    </p>

    <p class='ocr_par' dir='ltr' id='par_1_9' title="bbox 367 2610 1527 3389">
     <span class='ocr_line' id='line_1_17' title="bbox 367 2610 1525 2684; baseline -0.002 -18"><span class='ocrx_word' id='word_1_104' title='bbox 367 2611 472 2666; x_wconf 81' lang='lat' dir='ltr'>Eadem</span> <span class='ocrx_word' id='word_1_105' title='bbox 496 2613 587 2682; x_wconf 79' lang='lat' dir='ltr'>gratia</span> <span class='ocrx_word' id='word_1_106' title='bbox 608 2612 771 2667; x_wconf 83' lang='lat' dir='ltr'>conceditur</span> <span class='ocrx_word' id='word_1_107' title='bbox 794 2617 826 2668; x_wconf 83' lang='lat'>19</span> <span class='ocrx_word' id='word_1_108' title='bbox 849 2614 917 2668; x_wconf 81' lang='lat' dir='ltr'>Maii</span> <span class='ocrx_word' id='word_1_109' title='bbox 943 2614 1077 2684; x_wconf 77' lang='lat' dir='ltr'>magistro</span> <span class='ocrx_word' id='word_1_110' title='bbox 1102 2613 1209 2684; x_wconf 76' lang='lat' dir='ltr'>Rogare</span> <span class='ocrx_word' id='word_1_111' title='bbox 1230 2613 1369 2667; x_wconf 81' lang='lat' dir='ltr'>Williums</span> <span class='ocrx_word' id='word_1_112' title='bbox 1390 2610 1525 2680; x_wconf 80' lang='lat' dir='ltr'>magistro</span> 
     </span>
     <span class='ocr_line' id='line_1_18' title="bbox 437 2695 1525 2771; baseline -0.003 -17"><span class='ocrx_word' id='word_1_113' title='bbox 437 2699 576 2754; x_wconf 84' lang='lat' dir='ltr'>Willelnro</span> <span class='ocrx_word' id='word_1_114' title='bbox 607 2699 752 2771; x_wconf 85' lang='lat' dir='ltr'>Mydletcn</span> <span class='ocrx_word' id='word_1_115' title='bbox 779 2695 914 2770; x_wconf 76' lang='lat' dir='ltr'>magistro</span> <span class='ocrx_word' id='word_1_116' title='bbox 946 2700 1065 2756; x_wconf 82' lang='lat' dir='ltr'>Ricardo</span> <span class='ocrx_word' id='word_1_117' title='bbox 1092 2701 1227 2756; x_wconf 88' lang='lat' dir='ltr'>&#39;l&#39;urswell</span> <span class='ocrx_word' id='word_1_118' title='bbox 1253 2701 1388 2771; x_wconf 82' lang='lat' dir='ltr'>magistro</span> <span class='ocrx_word' id='word_1_119' title='bbox 1411 2697 1525 2752; x_wconf 80' lang='lat' dir='ltr'>Andros</span> 
     </span>
     <span class='ocr_line' id='line_1_19' title="bbox 437 2777 1527 2862; baseline 0 -20"><span class='ocrx_word' id='word_1_120' title='bbox 437 2787 545 2842; x_wconf 83' lang='lat' dir='ltr'>Amold</span> <span class='ocrx_word' id='word_1_121' title='bbox 575 2789 709 2858; x_wconf 79' lang='lat' dir='ltr'>magistro</span> <span class='ocrx_word' id='word_1_122' title='bbox 741 2789 862 2844; x_wconf 73' lang='lat' dir='ltr'>lieberto</span> <span class='ocrx_word' id='word_1_123' title='bbox 894 2791 1061 2862; x_wconf 80' lang='lat' dir='ltr'>Ilsryngton</span> <span class='ocrx_word' id='word_1_124' title='bbox 1110 2791 1148 2844; x_wconf 84' lang='lat' dir='ltr'>Et</span> <span class='ocrx_word' id='word_1_125' title='bbox 1172 2783 1263 2861; x_wconf 85' lang='lat' dir='ltr'>primo</span> <span class='ocrx_word' id='word_1_126' title='bbox 1277 2777 1366 2844; x_wconf 79' lang='lat' dir='ltr'>‘Junii</span> <span class='ocrx_word' id='word_1_127' title='bbox 1390 2789 1527 2858; x_wconf 75' lang='lat' dir='ltr'>magistro</span> 
     </span>
     <span class='ocr_line' id='line_1_20' title="bbox 437 2874 1526 2948; baseline 0 -20"><span class='ocrx_word' id='word_1_128' title='bbox 437 2874 568 2930; x_wconf 77' lang='lat' dir='ltr'>Christos.</span> <span class='ocrx_word' id='word_1_129' title='bbox 590 2875 735 2947; x_wconf 83' lang='lat' dir='ltr'>Hampton</span> <span class='ocrx_word' id='word_1_130' title='bbox 774 2878 811 2931; x_wconf 87' lang='lat' dir='ltr'>Et</span> <span class='ocrx_word' id='word_1_131' title='bbox 832 2882 860 2932; x_wconf 83' lang='lat'>8⁰</span> <span class='ocrx_word' id='word_1_132' title='bbox 877 2877 958 2932; x_wconf 87' lang='lat' dir='ltr'>Junii</span> <span class='ocrx_word' id='word_1_133' title='bbox 978 2879 1112 2948; x_wconf 80' lang='lat' dir='ltr'>magistro</span> <span class='ocrx_word' id='word_1_134' title='bbox 1130 2877 1236 2932; x_wconf 82' lang='lat' dir='ltr'>Jucobo</span> <span class='ocrx_word' id='word_1_135' title='bbox 1254 2877 1370 2932; x_wconf 88' lang='lat' dir='ltr'>Scrubie</span> <span class='ocrx_word' id='word_1_136' title='bbox 1389 2876 1526 2946; x_wconf 74' lang='lat' dir='ltr'>magistro</span> 
     </span>
     <span class='ocr_line' id='line_1_21' title="bbox 436 2962 1524 3036; baseline 0.002 -21"><span class='ocrx_word' id='word_1_137' title='bbox 436 2962 560 3016; x_wconf 85' lang='lat' dir='ltr'>Johunni</span> <span class='ocrx_word' id='word_1_138' title='bbox 573 2962 686 3016; x_wconf 81' lang='lat' dir='ltr'>Wolton</span> <span class='ocrx_word' id='word_1_139' title='bbox 703 2963 835 3032; x_wconf 80' lang='lat' dir='ltr'>magistro</span> <span class='ocrx_word' id='word_1_140' title='bbox 849 2963 921 3018; x_wconf 86' lang='lat' dir='ltr'>And.</span> <span class='ocrx_word' id='word_1_141' title='bbox 936 2965 1096 3020; x_wconf 80' lang='lat' dir='ltr'>Bourdmon</span> <span class='ocrx_word' id='word_1_142' title='bbox 1112 2966 1246 3036; x_wconf 78' lang='lat' dir='ltr'>magistro</span> <span class='ocrx_word' id='word_1_143' title='bbox 1257 2965 1383 3019; x_wconf 86' lang='lat' dir='ltr'>Antonio</span> <span class='ocrx_word' id='word_1_144' title='bbox 1401 2964 1524 3036; x_wconf 77' lang='lat' dir='ltr'>Hyggyn</span> 
     </span>
     <span class='ocr_line' id='line_1_22' title="bbox 437 3051 1525 3125; baseline 0.003 -21"><span class='ocrx_word' id='word_1_145' title='bbox 437 3051 571 3122; x_wconf 76' lang='lat' dir='ltr'>magistro</span> <span class='ocrx_word' id='word_1_146' title='bbox 589 3053 674 3105; x_wconf 84' lang='lat' dir='ltr'>Anto.</span> <span class='ocrx_word' id='word_1_147' title='bbox 695 3051 812 3106; x_wconf 81' lang='lat' dir='ltr'>Wstson</span> <span class='ocrx_word' id='word_1_148' title='bbox 856 3054 894 3106; x_wconf 86' lang='lat' dir='ltr'>Et</span> <span class='ocrx_word' id='word_1_149' title='bbox 912 3057 941 3109; x_wconf 77' lang='grc' dir='ltr'>9ῦ</span> <span class='ocrx_word' id='word_1_150' title='bbox 959 3055 1039 3108; x_wconf 89' lang='lat' dir='ltr'>Juuii</span> <span class='ocrx_word' id='word_1_151' title='bbox 1058 3055 1192 3125; x_wconf 78' lang='lat' dir='ltr'>magistro</span> <span class='ocrx_word' id='word_1_152' title='bbox 1211 3055 1258 3108; x_wconf 88' lang='lat' dir='ltr'>W⁰</span> <span class='ocrx_word' id='word_1_153' title='bbox 1277 3053 1348 3108; x_wconf 85' lang='lat' dir='ltr'>Hals</span> <span class='ocrx_word' id='word_1_154' title='bbox 1392 3057 1425 3108; x_wconf 85' lang='lat'>14</span> <span class='ocrx_word' id='word_1_155' title='bbox 1443 3052 1525 3107; x_wconf 86' lang='lat' dir='ltr'>Junii</span> 
     </span>
     <span class='ocr_line' id='line_1_23' title="bbox 437 3139 1527 3214; baseline 0.002 -21"><span class='ocrx_word' id='word_1_156' title='bbox 437 3140 571 3209; x_wconf 82' lang='lat' dir='ltr'>magistro</span> <span class='ocrx_word' id='word_1_157' title='bbox 580 3139 699 3194; x_wconf 79' lang='lat' dir='ltr'>Ricardo</span> <span class='ocrx_word' id='word_1_158' title='bbox 708 3140 814 3194; x_wconf 84' lang='lat' dir='ltr'>Gerard</span> <span class='ocrx_word' id='word_1_159' title='bbox 825 3142 959 3212; x_wconf 80' lang='lat' dir='ltr'>magistro</span> <span class='ocrx_word' id='word_1_160' title='bbox 967 3143 985 3196; x_wconf 87' lang='lat' dir='ltr'>J</span> <span class='ocrx_word' id='word_1_161' title='bbox 987 3160 1011 3199; x_wconf 92' lang='lat'>0.</span> <span class='ocrx_word' id='word_1_162' title='bbox 1021 3142 1173 3214; x_wconf 82' lang='lat' dir='ltr'>Robynson</span> <span class='ocrx_word' id='word_1_163' title='bbox 1184 3144 1317 3214; x_wconf 78' lang='lat' dir='ltr'>magistro</span> <span class='ocrx_word' id='word_1_164' title='bbox 1326 3142 1408 3196; x_wconf 89' lang='lat' dir='ltr'>Amb.</span> <span class='ocrx_word' id='word_1_165' title='bbox 1418 3142 1527 3196; x_wconf 83' lang='lat' dir='ltr'>Barker</span> 
     </span>
     <span class='ocr_line' id='line_1_24' title="bbox 437 3228 1527 3301; baseline 0.003 -20"><span class='ocrx_word' id='word_1_166' title='bbox 437 3229 571 3298; x_wconf 82' lang='lat' dir='ltr'>magistro</span> <span class='ocrx_word' id='word_1_167' title='bbox 586 3228 659 3283; x_wconf 89' lang='lat' dir='ltr'>And.</span> <span class='ocrx_word' id='word_1_168' title='bbox 674 3229 793 3284; x_wconf 86' lang='lat' dir='ltr'>Downcs</span> <span class='ocrx_word' id='word_1_169' title='bbox 809 3231 943 3300; x_wconf 83' lang='lat' dir='ltr'>magistro</span> <span class='ocrx_word' id='word_1_170' title='bbox 956 3231 1095 3286; x_wconf 87' lang='lat' dir='ltr'>Willelrno</span> <span class='ocrx_word' id='word_1_171' title='bbox 1113 3232 1198 3287; x_wconf 86' lang='lat' dir='ltr'>Stone</span> <span class='ocrx_word' id='word_1_172' title='bbox 1235 3236 1281 3286; x_wconf 81' lang='lat'>230</span> <span class='ocrx_word' id='word_1_173' title='bbox 1293 3231 1310 3287; x_wconf 89' lang='lat' dir='ltr'><strong>J</strong></span> <span class='ocrx_word' id='word_1_174' title='bbox 1313 3233 1372 3285; x_wconf 92' lang='lat' dir='ltr'>unii</span> <span class='ocrx_word' id='word_1_175' title='bbox 1390 3231 1527 3301; x_wconf 80' lang='lat' dir='ltr'>magistro</span> 
     </span>
     <span class='ocr_line' id='line_1_25' title="bbox 437 3315 1337 3389; baseline 0.004 -19"><span class='ocrx_word' id='word_1_176' title='bbox 437 3315 577 3371; x_wconf 89' lang='lat' dir='ltr'>Willelmo</span> <span class='ocrx_word' id='word_1_177' title='bbox 591 3316 700 3371; x_wconf 88' lang='lat' dir='ltr'>Hinton</span> <span class='ocrx_word' id='word_1_178' title='bbox 713 3323 742 3372; x_wconf 90' lang='lat' dir='ltr'>et</span> <span class='ocrx_word' id='word_1_179' title='bbox 755 3321 789 3371; x_wconf 76' lang='lat'>28</span> <span class='ocrx_word' id='word_1_180' title='bbox 801 3317 819 3372; x_wconf 86' lang='lat' dir='ltr'><strong>J</strong></span> <span class='ocrx_word' id='word_1_181' title='bbox 821 3317 881 3373; x_wconf 87' lang='lat' dir='ltr'>unii</span> <span class='ocrx_word' id='word_1_182' title='bbox 894 3319 1028 3389; x_wconf 80' lang='lat' dir='ltr'>magistro</span> <span class='ocrx_word' id='word_1_183' title='bbox 1041 3319 1203 3374; x_wconf 74' lang='lat' dir='ltr'>Abrohsmo</span> <span class='ocrx_word' id='word_1_184' title='bbox 1216 3321 1337 3375; x_wconf 80' lang='lat' dir='ltr'>Ocnoms</span> 
     </span>
    </p>
   </div>
   <div class='ocr_carea' id='block_1_8' title="bbox 729 3632 1160 3720">
    <p class='ocr_par' dir='ltr' id='par_1_10' title="bbox 729 3632 1160 3720">
     <span class='ocr_line' id='line_1_26' title="bbox 729 3632 1160 3720; baseline 0.007 -23"><span class='ocrx_word' id='word_1_185' title='bbox 729 3632 817 3698; x_wconf 91' lang='lat' dir='ltr'>Ordo</span> <span class='ocrx_word' id='word_1_186' title='bbox 840 3633 1038 3698; x_wconf 85' lang='lat' dir='ltr'>senioritatis</span> <span class='ocrx_word' id='word_1_187' title='bbox 1059 3657 1160 3720; x_wconf 72' lang='lat' dir='ltr'>uturp.</span> 
     </span>
    </p>
   </div>
   <div class='ocr_carea' id='block_1_9' title="bbox 493 3793 1339 4374">
    <p class='ocr_par' dir='ltr' id='par_1_11' title="bbox 543 3793 1310 4112">
     <span class='ocr_line' id='line_1_27' title="bbox 544 3793 1307 3866; baseline -0.001 -19"><span class='ocrx_word' id='word_1_188' title='bbox 544 3793 716 3864; x_wconf 79' lang='lat' dir='ltr'>Harrington</span> <span class='ocrx_word' id='word_1_189' title='bbox 856 3796 1001 3866; x_wconf 81' lang='lat' dir='ltr'>llampton</span> <span class='ocrx_word' id='word_1_190' title='bbox 1175 3794 1307 3866; x_wconf 82' lang='lat' dir='ltr'>Hyggens</span> 
     </span>
     <span class='ocr_line' id='line_1_28' title="bbox 545 3882 1310 3936; baseline -0.003 0"><span class='ocrx_word' id='word_1_191' title='bbox 545 3883 665 3936; x_wconf 86' lang='lat' dir='ltr'>Downes</span> <span class='ocrx_word' id='word_1_192' title='bbox 854 3882 942 3936; x_wconf 87' lang='lat' dir='ltr'>Stone</span> <span class='ocrx_word' id='word_1_193' title='bbox 1172 3882 1310 3936; x_wconf 77' lang='lat' dir='ltr'>Williams</span> 
     </span>
     <span class='ocr_line' id='line_1_29' title="bbox 544 3969 1279 4042; baseline 0 -18"><span class='ocrx_word' id='word_1_194' title='bbox 544 3969 689 4042; x_wconf 81' lang='lat' dir='ltr'>Mydleton</span> <span class='ocrx_word' id='word_1_195' title='bbox 855 3971 990 4025; x_wconf 84' lang='lat' dir='ltr'>Turswell</span> <span class='ocrx_word' id='word_1_196' title='bbox 1173 3970 1279 4024; x_wconf 83' lang='lat' dir='ltr'>Barker</span> 
     </span>
     <span class='ocr_line' id='line_1_30' title="bbox 543 4057 1245 4112; baseline 0 -1"><span class='ocrx_word' id='word_1_197' title='bbox 543 4057 660 4112; x_wconf 80' lang='lat' dir='ltr'>Watson</span> <span class='ocrx_word' id='word_1_198' title='bbox 855 4057 972 4112; x_wconf 87' lang='lat' dir='ltr'>Scrubie</span> <span class='ocrx_word' id='word_1_199' title='bbox 1173 4057 1245 4112; x_wconf 76' lang='lat' dir='ltr'>Hsls</span> 
     </span>
    </p>

    <p class='ocr_par' dir='ltr' id='par_1_12' title="bbox 493 4142 1339 4374">
     <span class='ocr_line' id='line_1_31' title="bbox 493 4142 1339 4216; baseline 0 -19"><span class='ocrx_word' id='word_1_200' title='bbox 493 4201 496 4208; x_wconf 63' lang='grc'>,</span> <span class='ocrx_word' id='word_1_201' title='bbox 544 4142 663 4216; x_wconf 86' lang='lat' dir='ltr'>Hynton</span> <span class='ocrx_word' id='word_1_202' title='bbox 850 4144 961 4200; x_wconf 80' lang='lat' dir='ltr'>.Gersrd</span> <span class='ocrx_word' id='word_1_203' title='bbox 1173 4143 1339 4215; x_wconf 80' lang='lat' dir='ltr'>Wilkynson</span> 
     </span>
     <span class='ocr_line' id='line_1_32' title="bbox 543 4231 1315 4288; baseline -0.001 -1"><span class='ocrx_word' id='word_1_204' title='bbox 543 4231 665 4288; x_wconf 81' lang='lat' dir='ltr'>Conams</span> <span class='ocrx_word' id='word_1_205' title='bbox 855 4232 963 4287; x_wconf 84' lang='lat' dir='ltr'>Arnold</span> <span class='ocrx_word' id='word_1_206' title='bbox 1173 4231 1315 4286; x_wconf 85' lang='lat' dir='ltr'>Robinson</span> 
     </span>
     <span class='ocr_line' id='line_1_33' title="bbox 544 4318 1277 4374; baseline 0 0"><span class='ocrx_word' id='word_1_207' title='bbox 544 4318 704 4374; x_wconf 78' lang='lat' dir='ltr'>Bomdman</span> <span class='ocrx_word' id='word_1_208' title='bbox 855 4320 968 4374; x_wconf 80' lang='lat' dir='ltr'>Walton</span> <span class='ocrx_word' id='word_1_209' title='bbox 1242 4324 1277 4374; x_wconf 80' lang='lat'>20</span> 
     </span>
    </p>
   </div>
   <div class='ocr_carea' id='block_1_10' title="bbox 0 0 1711 5116">
    <p class='ocr_par' dir='ltr' id='par_1_13' title="bbox 0 0 1711 5116">
     <span class='ocr_line' id='line_1_34' title="bbox 0 0 1711 5116; baseline 0 0"><span class='ocrx_word' id='word_1_210' title='bbox 0 0 1711 5116; x_wconf 95' lang='lat' dir='ltr'> </span> 
     </span>
    </p>
   </div>
  </div>
 </body>
</html>
