3398 5122
208 325 372 411 1584-85]
649 341 762 390 ossen
786 341 877 389 eoos
901 339 923 387 Δ

566 699 655 767 Ordo
677 698 876 766 senioritetis
898 721 1002 784 scarp.

692 889 727 948 D.
747 889 880 944 Bancrost

694 977 729 1033 D.
749 975 871 1032 Stallard

486 1282 607 1348 Gratim
630 1303 694 1347 non
717 1287 947 1348 concernentes
968 1279 1088 1368 grudm

210 1467 265 1524 Pro
286 1469 421 1541 sophistis
465 1469 636 1526 Conceditur
658 1473 686 1524 1⁰
707 1469 870 1526 Decembris
891 1486 956 1524 cum
976 1466 1060 1524 breve
1081 1473 1110 1524 et
1131 1470 1307 1524 contractum
1328 1467 1368 1522 eit

280 1560 394 1628 tempus
406 1557 483 1612 inter
493 1557 665 1629 principium
677 1557 796 1628 proximi
809 1555 924 1612 termini
940 1560 970 1610 et
986 1555 1101 1610 comitia
1116 1554 1366 1626 questionistsrum

282 1649 311 1699 et
327 1663 462 1701 uumerus
478 1644 735 1716 inaugurandorum
751 1645 841 1699 maior
856 1661 943 1715 quam
960 1647 992 1698 vt
1008 1649 1121 1714 tempus
1138 1642 1207 1698 illud
1225 1661 1276 1714 pro
1292 1660 1368 1698 exer-

283 1733 358 1787 citiis
375 1750 425 1804 per
441 1737 551 1788 statuta
567 1733 712 1804 requisitis
728 1732 854 1788 sufficere
870 1733 960 1804 possit
976 1733 1068 1804 placet
1085 1731 1165 1788 vobis
1181 1737 1213 1786 vt
1228 1730 1369 1802 generales

282 1821 408 1892 sophista
426 1822 479 1876 hoo
497 1839 571 1876 anno
589 1823 618 1877 in
637 1821 902 1877 bacchalaureorum
920 1839 1069 1877 numerum
1087 1819 1238 1892 cooptandi
1259 1820 1370 1892 possint

283 1913 377 1965 vestra
392 1910 560 1965 auctoritate
575 1912 605 1964 et
621 1909 736 1964 licentia
751 1915 833 1964 actus
849 1927 915 1965 suos
931 1909 1112 1964 scholasticos
1126 1908 1240 1964 adeum
1251 1907 1369 1980 gradum

283 1996 433 2067 requisitos
456 1997 605 2052 instituere
628 2004 658 2052 et
681 2013 812 2068 peragere
836 1997 954 2068 singulis
978 1997 1077 2052 diebus
1100 1997 1232 2068 profestis
1254 2001 1316 2052 tam
1339 1996 1369 2050 in

283 2083 405 2139 termino
419 2102 504 2156 quam
522 2092 601 2140 extra
612 2085 649 2140 ab
661 2086 716 2140 istc
729 2084 775 2140 die
787 2102 875 2156 vsque
887 2084 924 2140 ad
936 2085 1060 2156 primum
1072 2085 1147 2140 diem
1159 2085 1371 2156 quadragesime

284 2173 409 2244 proxime
425 2174 599 2244 insequentis
610 2177 671 2229 tarn
683 2174 714 2228 in
725 2173 820 2230 sobole
832 2173 1007 2246 philosophie
1019 2191 1105 2246 quem
1117 2173 1276 2228 dialectices
1288 2172 1371 2228 modo

285 2260 315 2314 in
339 2261 444 2316 eisdem
468 2262 571 2317 scholis
595 2262 673 2318 nulla
697 2267 766 2318 tunc
790 2263 844 2318 erit
867 2262 1026 2334 disputscio
1043 2264 1087 2319 vel
1106 2262 1303 2333 magistrorum
1326 2261 1371 2316 vel

284 2347 548 2405 bacchalaureorum
564 2349 601 2405 ab
616 2349 685 2404 hora
697 2368 772 2406 nona
784 2368 873 2421 esque
885 2349 920 2405 ad
933 2350 1108 2406 vndecimam
1121 2347 1371 2404 antemeridianam

285 2443 315 2493 et
332 2438 368 2492 ab
386 2438 455 2494 bora
470 2439 562 2511 prima
578 2439 615 2495 ad
633 2440 748 2495 tertiam
766 2438 988 2510 pomeridianam
1007 2457 1038 2494 aa
1057 2444 1153 2495 temen
1172 2438 1231 2510 lege
1248 2443 1281 2492 vt
1298 2455 1372 2493 vnus

285 2529 399 2581 tantum
416 2527 446 2582 in
463 2545 519 2583 vna
533 2527 629 2584 ecbola
645 2546 694 2600 per
710 2528 852 2600 integrum
869 2533 981 2600 tempus
1000 2529 1188 2600 prescriptum
1204 2526 1372 2599 respondeat

285 2619 315 2669 et
329 2632 386 2670 nou
402 2616 497 2686 plures
511 2627 540 2671 et
558 2634 630 2671 runs
645 2616 722 2672 adsit
737 2617 896 2672 moderator
910 2633 975 2672 cum
991 2615 1072 2686 xij⁰¹¹¹²
1082 2615 1118 2671 ad
1131 2617 1226 2671 minus
1237 2615 1372 2687 sophistis

285 2709 315 2758 et
331 2703 490 2760 moderator
506 2705 624 2776 singulis
642 2704 808 2776 septimanis
824 2703 956 2760 schedula
972 2704 1087 2759 nomina
1102 2711 1132 2758 et
1148 2705 1313 2774 cognomina
1330 2720 1371 2758 re·
1383 2699 1404 2761 f.
1422 2697 1478 2758 147
1495 2695 1515 2756 b

287 2789 452 2862 spondentis
475 2794 504 2845 et
527 2791 730 2862 apponentium
754 2790 836 2846 alteri
859 2789 1030 2845 bedellorum
1049 2789 1180 2846 exhibeat
1197 2789 1321 2861 alioquin
1339 2807 1372 2844 ea

286 2874 444 2945 disputacio
455 2891 506 2944 pro
518 2875 598 2929 nulla
609 2874 748 2930 habeatur

218 2963 272 3018 Pro
284 2961 491 3016 bacchalaureis
503 2961 540 3017 ad
551 2961 749 3018 declarandum
761 2967 791 3017 et
802 2961 1006 3034 disputandum
1019 2962 1049 3016 in
1061 2979 1113 3017 suo
1124 2979 1205 3033 grege
1240 2961 1372 3018 Concedi-

288 3056 336 3105 tur
348 3055 365 3104 4
378 3049 540 3105 Decembris
549 3054 581 3104 vt
592 3049 785 3106 bacchalaurei
798 3051 828 3104 in
840 3048 950 3104 artibus
962 3048 1015 3104 hoc
1027 3067 1102 3105 anno
1113 3049 1254 3121 incepturi
1265 3055 1296 3106 vt
1308 3067 1372 3106 oum

287 3137 344 3193 duo
356 3137 416 3192 dies
428 3138 458 3191 in
470 3136 597 3208 quelibet
611 3137 771 3208 septimana
782 3154 834 3209 pro
845 3153 943 3191 sorum
955 3137 1031 3191 inter
1042 3153 1071 3191 se
1083 3135 1327 3210 disputacionibus
1344 3143 1374 3192 et

289 3225 539 3281 declamationibus
553 3243 603 3297 per
617 3228 727 3281 statuta
742 3225 878 3294 assignati
895 3241 951 3278 non
968 3225 1112 3280 sufficiunt
1127 3224 1164 3279 ad
1180 3229 1261 3280 actus
1277 3225 1373 3280 huius-

289 3315 364 3370 modi
385 3314 567 3368 scbolasticos
587 3312 759 3384 peragendos
777 3317 872 3367 vestra
892 3312 1059 3367 auctoritate
1079 3319 1109 3367 et
1128 3312 1242 3368 licentia
1264 3313 1374 3384 possint

290 3402 383 3458 tribue
399 3400 499 3456 diebus
516 3401 545 3455 in
565 3399 692 3471 qualibet
710 3400 869 3471 septimana
888 3399 924 3453 ad
943 3400 1164 3470 assignecicnem
1182 3399 1291 3455 domini
1312 3417 1374 3471 pro·

289 3489 446 3544 cancellarii
466 3494 496 3543 et
516 3487 714 3558 magistrorum
735 3491 948 3559 procuratorum
969 3488 1044 3542 inter
1064 3505 1094 3542 se
1115 3493 1145 3543 et
1165 3489 1196 3543 in
1220 3506 1271 3543 suo
1294 3505 1375 3559 grege

289 3578 434 3650 disputare
446 3577 483 3633 ab
494 3577 564 3632 hora
574 3577 666 3649 prima
677 3576 714 3632 ad
726 3578 841 3632 tertiam
851 3575 1072 3648 pomeridianam
1085 3577 1114 3632 in
1127 3577 1230 3632 scholis
1239 3575 1375 3632 medicine

291 3667 335 3723 vel
347 3665 498 3732 rethoricae
533 3665 572 3720 Et
584 3665 715 3720 similiter
725 3664 881 3720 declamare
892 3663 985 3718 tribus
996 3662 1095 3718 diebus
1107 3664 1136 3718 in
1149 3663 1275 3736 qualibet
1290 3665 1375 3736 septi-

291 3774 375 3811 mana
391 3755 427 3810 ab
444 3755 512 3810 hora
526 3755 647 3827 septima
661 3753 697 3808 ad
713 3759 843 3808 octavam
858 3751 1109 3807 antemeridianam
1126 3753 1155 3806 in
1170 3751 1273 3808 sobolis
1287 3751 1375 3824 pbilo-

290 3845 388 3916 sophis
400 3860 433 3899 ea
444 3849 540 3898 tamen
552 3843 612 3914 legs
623 3849 653 3898 et
664 3843 825 3898 conditione
841 3847 874 3896 vt
890 3859 964 3896 unus
980 3842 1188 3898 moderatorum
1205 3860 1270 3897 oum
1285 3843 1321 3912 xij
1340 3841 1375 3897 ad

292 3933 386 3987 minus
398 3933 462 3987 aliis
473 3930 682 3986 bacchalaureis
693 3931 797 3985 artium
811 3929 946 3984 intersint
957 3929 986 3984 in
999 3929 1126 4000 quolibet
1137 3929 1297 3985 huiusmodi
1310 3934 1376 3985 actu

292 4026 320 4076 et
337 4021 438 4091 singuli
455 4021 485 4074 in
502 4019 602 4075 habitu
619 4037 670 4074 suo
686 4019 852 4074 scholastico
867 4023 897 4073 et
914 4017 1076 4090 prefinitum
1097 4024 1209 4089 tempus
1229 4016 1377 4088 diligenter

291 4108 450 4179 compleant
463 4107 588 4180 alioquin
600 4112 633 4162 vt
644 4125 677 4163 ea
689 4108 847 4178 disputacio
858 4107 918 4162 sive
929 4106 1097 4162 declamatio
1109 4125 1160 4178 pro
1172 4105 1250 4162 nulla
1266 4123 1377 4162 censea-

291 4199 340 4249 tur
360 4199 389 4250 et
409 4194 445 4249 ad
466 4195 584 4267 gradum
605 4195 832 4267 consequendum
852 4195 967 4249 omnino
988 4194 1096 4250 invtilis
1116 4193 1152 4249 de
1170 4193 1275 4264 quibus
1293 4193 1377 4248 iidem

292 4282 398 4338 saciant
410 4283 598 4340 moderatores
609 4283 732 4340 dominis
744 4283 960 4355 procancellario
975 4289 1005 4339 et
1020 4281 1248 4355 procuratoribus
1261 4283 1379 4353 singulis

292 4371 459 4444 septimanis
