3394 5114
192 371 356 456 1570-71]
629 387 743 436 00100
767 390 856 436 soon
881 390 903 436 s
1286 375 1349 440 245

261 546 373 616 Wright
390 546 416 602 d.
435 546 554 617 Georgio
572 546 625 600 Lee
642 544 669 600 d.
687 544 811 598 Johanni
830 543 933 614 Smyth
950 542 976 599 d.
995 541 1135 597 willelmo
1157 541 1308 614 Oalthorpe
1322 542 1349 598 d.

261 634 409 689 Timotheo
435 635 556 705 Egerton
581 634 608 689 d.
632 634 739 688 Γ110100
760 632 856 687 Orowe
877 631 903 686 d.
927 632 994 686 Lau.
1019 631 1155 685 Newman
1179 631 1205 686 d.
1230 630 1350 685 Ricardo

262 722 449 793 Willoughbie
464 724 489 779 d
507 724 633 795 Ednyno
651 722 758 777 11οο011
774 721 800 776 d.
817 720 959 775 Willelmo
976 720 1099 775 Cheston
1116 719 1142 774 d.
1161 719 1260 774 Carolo
1277 719 1350 774 Rad-

260 811 333 866 cliffc
354 811 380 866 d.
405 813 557 882 Reginaido
582 811 723 883 Whitiyld
746 809 773 866 d.
801 811 888 865 Paulo
912 810 1021 866 Gother
1044 809 1070 864 d.
1095 810 1163 864 Tho.
1188 809 1301 865 Sowthe
1322 810 1349 865 d.

263 899 380 953 Ricardo
406 900 511 954 Pearne
531 900 558 956 d.
583 898 713 954 Michaeli
737 898 849 952 Haidon
871 898 897 952 (1.
922 896 1049 951 Βο10010
1071 896 1199 968 Shepard
1221 897 1246 951 d.
1267 898 1348 952 Geor.

262 986 354 1041 Whall
370 986 396 1041 d.
415 987 534 1042 Ricsrdo
550 987 696 1042 Osbourne
713 986 739 1041 d.
755 986 799 1040 Jo.
817 985 940 1040 Wilbore
956 983 983 1038 d.
1001 984 1142 1039 Willelmo
1162 985 1306 1040 Whitacre
1321 984 1348 1039 d.

262 1075 329 1129 Tho.
354 1075 463 1129 Benuet
484 1075 510 1129 d.
534 1074 654 1129 Ricardo
679 1072 828 1142 Hodgeson
848 1071 874 1127 d.
897 1071 973 1128 Edu.
994 1071 1102 1126 Mende
1120 1072 1147 1128 d.
1166 1073 1214 1127 W⁰
1233 1073 1349 1144 Morgsn

261 1164 287 1219 d.
304 1164 432 1236 Philippo
445 1164 574 1234 Stringar
588 1163 615 1218 d.
629 1163 709 1217 Geor.
726 1161 799 1232 Styll
816 1161 841 1215 d.
860 1160 936 1215 Edw.
954 1161 1045 1231 Aivey
1060 1160 1086 1217 d.
1107 1161 1231 1216 Roberto
1246 1160 1349 1233 Smyth

262 1251 288 1306 d.
306 1251 448 1307 Willelmo
464 1252 553 1323 Teyze
570 1252 596 1308 d.
616 1251 696 1307 Edm.
717 1250 795 1305 Price
811 1250 838 1305 d.
858 1248 980 1304 Roberto
996 1249 1068 1321 Joye
1086 1249 1113 1305 d.
1133 1249 1214 1305 Edm.
1233 1249 1350 1304 Berwell

261 1338 288 1394 d.
309 1339 375 1393 Lau.
396 1338 557 1394 (thadei-ton
575 1338 602 1392 d.
620 1337 745 1392 Johanni
765 1336 824 1391 Bell
842 1336 929 1391 (1.10.
947 1337 1039 1408 Amyn
1057 1335 1145 1394 (1.10.
1165 1335 1349 1408 Longeworth

260 1426 286 1482 d.
303 1426 424 1482 Roberto
437 1426 550 1482 Sendali
563 1426 589 1482 d.
606 1425 730 1481 Henrico
742 1424 902 1480 Grenwhod
943 1489 945 1492 ¹

192 1514 298 1570 Eadem
316 1515 406 1585 gratia
423 1515 587 1570 comeditur
607 1518 637 1568 ll
659 1513 728 1568 Maii
746 1514 773 1569 d.
793 1513 917 1568 Roberto
935 1513 1044 1569 Boothe
1061 1513 1088 1570 d.
1106 1513 1194 1570 Galfr.
1213 1513 1303 1570 Lorde
1320 1513 1347 1571 (1.

262 1604 383 1659 10100110
405 1603 491 1676 Kydd
514 1604 540 1659 d.
563 1603 703 1659 Wiilelmo
728 1602 925 1674 Goldyngham
949 1601 976 1657 d.
1001 1602 1137 1658 Nicholao
1161 1602 1296 1676 Baldwyn
1320 1602 1347 1659 (1.

264 1693 375 1748 Danieli
395 1694 515 1764 Munsay
534 1693 560 1748 d.
581 1692 719 1747 Nicholao
738 1691 851 1746 Stowell
869 1691 897 1746 (1.
918 1690 1040 1746 11010110
1058 1690 1171 1746 (110101

195 1784 228 1834 18
248 1780 316 1835 Maii
333 1781 431 1836 eadem
450 1781 542 1851 gratia
559 1780 724 1836 conceditur
740 1779 767 1837 d
788 1779 857 1836 Tho.
877 1779 965 1834 Holte
986 1779 1013 1834 d.
1034 1779 1172 1836 Nicholao
1190 1779 1302 1852 Wright
1320 1779 1347 1836 (1.

262 1867 368 1924 Jacobo
385 1868 487 1924 Onrlell
505 1867 530 1922 d.
550 1868 622 1923 Hen.
640 1867 757 1923 Aldrich
794 1867 907 1922 sJunii
924 1866 950 1924 d.
969 1867 1093 1922 Roberto
1108 1869 1212 1924 Suetts
1248 1867 1349 1924 vltimo

262 1955 281 2010 J
283 1957 341 2011 unii
354 1957 380 2012 d.
395 1956 468 2012 Heu.
482 1957 565 2027 Trips
578 1961 607 2010 01
619 1955 645 2010 d.
660 1955 730 2011 Rob.
745 1955 841 2011 Conns

193 2044 363 2099 Conceditur
375 2043 415 2114 xj⁰
428 2043 496 2098 Maii
508 2049 541 2098 vt
552 2042 724 2098 honorabilis
736 2043 897 2099 adolescens
908 2049 938 2098 et
950 2043 1082 2100 dominus
1098 2043 1125 2099 d.
1144 2045 1221 2101 Edu.
1237 2043 1349 2100 Zouche

263 2131 433 2187 admittatur
444 2130 480 2185 nd
491 2130 685 2202 incipiendum
697 2130 727 2185 in
740 2129 850 2184 artibus
862 2130 904 2184 ita
916 2135 1014 2186 tamen
1026 2134 1059 2186 vt
1069 2131 1197 2204 disputet
1213 2131 1243 2188 10
1257 2133 1349 2204 proxi·

264 2222 319 2277 mis
335 2221 458 2277 comitiis
473 2225 503 2276 et
520 2222 685 2276 convivetur
701 2224 731 2276 et
747 2239 803 2276 non
820 2225 947 2276 arctetur
963 2222 1000 2277 ad
1018 2222 1144 2293 aliquam
1162 2223 1349 2280 ceremoniam

264 2310 377 2365 solitam
396 2308 537 2364 010οΝ011
562 2309 599 2364 ab
623 2307 826 2380 incipientibus
849 2309 880 2364 in
904 2309 1002 2364 eedem
1026 2309 1163 2366 facultate
1197 2309 1350 2366 Admissus

265 2402 300 2453 29
317 2397 396 2454 Junii
415 2397 476 2452 siue
493 2396 596 2452 habitu
613 2402 665 2452 001
683 2397 798 2469 caputio
817 2398 846 2452 in
865 2397 980 2470 propria
997 2398 1088 2452 vsunli
1106 2401 1173 2470 toga
1190 2401 1220 2454 et
1238 2416 1349 2472 presen-

264 2491 343 2543 tatus
361 2503 411 2558 per
428 2485 566 2542 seniorem
584 2491 794 2558 procuratorem

193 2578 258 2634 Vna
275 2595 339 2633 cum
361 2575 417 2631 hiis
438 2577 603 2648 inceperunt
623 2576 659 2638 de
679 2576 794 2648 collegio
817 2577 902 2648 Regio
924 2576 1029 2647 quibus
1050 2576 1129 2631 nulla
1148 2576 1239 2646 gratia
1258 2577 1349 2648 petita

264 2683 355 2736 neque
372 2664 548 2735 dispensacio
559 2681 691 2718 concessa
703 2663 728 2719 d.
740 2663 816 2719 Edw.
828 2664 845 2719 J
847 2681 945 2736 ermyn
954 2664 980 2720 d.
992 2665 1112 2735 August.
1125 2664 1197 2719 Dike
1207 2664 1348 2720 Robertns

265 2756 373 2826 Draper
384 2753 402 2808 J
404 2771 428 2808 0.
443 2752 577 2806 Dawnser
588 2752 615 2807 d.
630 2751 792 2806 Baldwinus
804 2752 932 2807 Johnson
944 2755 974 2806 01
986 2751 1141 2806 Nicholaus
1155 2751 1305 2806 Edwardes

195 2845 278 2898 Mem.
292 2842 366 2914 quod
380 2843 513 2912 magister
525 2840 620 2895 thll
631 2840 725 2895 abfuit
738 2841 765 2895 10
779 2843 920 2895 creatione
936 2847 966 2897 01
980 2847 1092 2896 0100100
1106 2845 1150 2896 est
1165 2845 1230 2912 post
1247 2842 1347 2912 megis-

264 2938 340 2985 trnm
349 2930 467 3002 Jermyn
480 2929 529 2984 sed
542 2929 570 2983 in
584 2929 711 3000 proxima
723 2929 938 3000 congregatione
950 2929 1133 3000 pergratiam
1145 2928 1295 2984 restitutus
1304 2933 1348 2984 est

265 3018 422 3073 senioritati

196 3107 279 3161 Mem.
298 3105 373 3176 qnod
392 3105 526 3176 magister
545 3104 656 3159 Heidon
675 3103 769 3160 abfuit
787 3123 838 3159 nec
856 3110 900 3160 est
918 3105 1104 3175 inauguratus
1122 3103 1195 3158 vnde
1212 3104 1348 3160 forisfecit

265 3192 423 3247 delitionem

195 3283 278 3337 Mem.
293 3281 368 3352 quod
387 3279 521 3351 magister
538 3279 661 3334 Wilbore
679 3283 744 3352 post
760 3279 962 3334 admissionem
980 3283 1047 3334 ante
1064 3279 1179 3334 comitia
1194 3278 1271 3333 viam
1288 3280 1347 3335 vni·

265 3388 343 3425 uerse
355 3369 447 3424 001010
459 3369 602 3438 ingressus
613 3372 658 3424 001
