3376 5108
768 392 882 440 ennon
905 393 997 440 seen
1020 393 1043 440 n
1324 376 1490 460 [1562-63

215 943 322 1013 2.,681)
738 947 884 1032 Magistri
908 947 942 1010 in
965 947 1092 1012 artibus

334 1161 504 1217 Conceditur
531 1165 564 1218 27
590 1159 759 1216 Novembris
786 1162 855 1214 1562
881 1159 1017 1229 magistro
1047 1158 1099 1213 Ed.
1125 1159 1270 1231 Stanhepe
1297 1159 1355 1214 filie
1382 1158 1489 1214 demini

405 1249 551 1304 Michaelis
573 1249 717 1320 Stanheps
741 1247 841 1302 militis
862 1253 895 1301 vt
915 1245 1043 1302 studium
1067 1250 1130 1301 ecte
1152 1265 1290 1302 annerum
1310 1247 1340 1302 in
1361 1247 1490 1302 hnmani-

404 1338 500 1394 oribus
516 1339 606 1394 literis
622 1356 686 1393 cnm
703 1355 760 1392 vna
777 1336 956 1408 responsione
974 1341 1127 1407 antequam
1145 1337 1316 1392 admittatur
1333 1340 1363 1392 et
1380 1335 1492 1391 duabus

404 1427 608 1483 variationibus
631 1445 706 1482 anne
730 1427 857 1498 proxime
880 1425 980 1482 fiendis
1000 1425 1055 1480 snb
1076 1443 1148 1497 pena
1168 1426 1226 1498 iiij¹¹
1246 1425 1440 1498 penendarnm
1461 1425 1491 1479 in

405 1514 535 1570 manibus
552 1523 766 1586 procuratorum
782 1519 849 1569 ante
865 1515 927 1568 eins
943 1513 1143 1568 admissionem
1159 1514 1281 1568 sufficiat
1297 1513 1323 1568 ei
1340 1512 1376 1568 ad
1393 1512 1490 1583 incipi-

404 1602 508 1658 endum
533 1603 563 1656 in
587 1602 697 1657 artibus
721 1603 762 1656 sic
784 1607 816 1657 vt
836 1601 1006 1673 respondeat
1026 1605 1121 1656 vestra
1144 1601 1319 1657 authoritate
1339 1602 1368 1656 in
1390 1600 1491 1656 habitu

404 1691 580 1748 bachelaurei
599 1697 630 1747 et
647 1691 739 1747 solvat
757 1691 937 1746 vniuersitati
955 1709 1031 1746 ms
1053 1691 1170 1762 (peregit
1189 1691 1284 1746 emnia
1302 1691 1402 1762 morp.)

333 1781 504 1837 Conceditur
521 1781 561 1835 νὴ)
582 1779 726 1835 Februarii
748 1780 862 1835 demine
885 1780 998 1851 Hageni
1021 1779 1166 1835 Castelten
1189 1785 1221 1834 vt
1242 1780 1270 1835 ir
1291 1779 1406 1835 termini
1426 1783 1491 1850 pest

404 1870 515 1924 finalem
532 1869 593 1924 eins
609 1869 874 1924 determinationem
891 1868 921 1923 in
937 1869 1042 1940 quibus
1057 1869 1192 1924 lectiones
1207 1867 1364 1924 ordinarias
1380 1867 1492 1923 audiuit

403 1957 470 2014 lieet
494 1975 551 2012 nen
575 1957 691 2012 omnine
715 1956 870 2012 seeundum
895 1957 1015 2012 formem
1039 1957 1142 2012 statuti
1168 1974 1234 2011 cum
1258 1956 1351 2012 tribus
1375 1973 1489 2028 respen-

403 2045 529 2101 sienibus
540 2053 570 2102 et
581 2046 645 2102 aliia
656 2045 796 2101 exercitiis
808 2063 858 2116 per
872 2046 947 2116 regia
964 2049 1074 2100 statute
1091 2044 1237 2117 requisitis
1253 2044 1395 2100 sufficiant
1411 2045 1436 2100 ei
1453 2044 1490 2100 ad

402 2135 595 2207 incipiendum
614 2135 643 2189 in
662 2133 772 2190 artibus

332 2225 440 2281 Eadem
460 2226 552 2296 gratia
575 2223 738 2280 conceditur
758 2223 855 2279 eodem
876 2223 923 2278 dic
943 2223 1058 2279 demine
1078 2223 1120 2280 W.
1143 2224 1221 2280 Allet
1244 2223 1359 2280 demine
1384 2223 1487 2279 Matth.

403 2313 540 2369 Matthew

331 2401 438 2456 Eadem
454 2401 545 2472 gratia
562 2399 725 2455 conceditur
740 2403 774 2454 22
788 2399 884 2454 Martii
897 2399 923 2454 d.
938 2399 1010 2457 Gali.
1024 2400 1115 2456 Beelre
1126 2400 1153 2455 d.
1167 2401 1185 2455 J
1187 2419 1210 2456 e.
1226 2398 1362 2456 Rebertes
1378 2399 1404 2454 d
1419 2398 1488 2454 Reb.

402 2489 512 2543 Nerion
533 2488 560 2543 d.
581 2489 683 2544 Matth.
707 2488 806 2542 'liette
826 2487 852 2543 d.
875 2489 934 2542 Pet.
957 2488 1108 2544 Steckdale
1128 2489 1154 2545 d
1176 2487 1246 2544 Rad.
1268 2489 1368 2544 Serten
1390 2487 1417 2544 d.
1436 2487 1488 2544 Ed.

403 2577 532 2648 Derynge
556 2576 582 2633 d.
603 2577 679 2648 Step.
699 2577 838 2647 Valenger
862 2577 887 2633 d.
907 2578 976 2633 The.
996 2578 1096 2650 Cellyn
1120 2577 1146 2634 d.
1166 2577 1209 2632 W.
1229 2579 1325 2632 Power
1348 2577 1374 2632 d.
1401 2577 1488 2631 Henr.

404 2664 527 2719 Helland
548 2663 574 2719 d.
597 2663 728 2735 Philippo
750 2664 854 2736 Cepley
874 2664 900 2720 d.
922 2665 972 2720 Ed.
995 2665 1120 2738 Buckley
1139 2665 1166 2722 d.
1186 2666 1229 2722 W.
1249 2667 1355 2736 Symen
1372 2665 1399 2720 d.
1419 2664 1488 2719 The.

402 2751 500 2893 {vigne
517 2751 543 2806 d.
563 2753 658 2806 Meere
674 2751 701 2806 d.
716 2752 816 2823 Kynge
832 2752 858 2808 d.
873 2751 1009 2824 Gylberte
1026 2753 1129 2808 Helme
1147 2753 1173 2809 d.
1187 2754 1231 2808 W.
1250 2753 1360 2808 Palmer
1375 2751 1402 2806 d
1416 2751 1488 2807 Oliv.

426 2843 502 2892 arter

332 2927 438 2982 Eadem
462 2927 553 2997 gratia
577 2924 739 2981 conceditur
763 2925 809 2980 iid⁰
829 2927 937 2998 Aprilis
960 2927 1036 2983 Jace.
1058 2928 1151 2983 Ceeke
1171 2928 1198 2984 d.
1220 2928 1290 2984 The.
1312 2926 1489 2999 Wyllrynsen

402 3015 428 3072 d.
447 3017 516 3071 Dar.
538 3015 638 3071 Penell
656 3015 683 3073 d.
702 3015 825 3070 Reberte
844 3017 950 3087 Hayles
967 3016 993 3072 d.
1012 3017 1092 3072 Geor.
1114 3016 1210 3072 Bonde
1227 3016 1253 3072 d.
1271 3017 1344 3074 (lali.
1361 3017 1488 3072 Johnson

402 3105 429 3160 d.
444 3105 525 3160 Dani.
539 3104 696 3177 Wythipell
712 3104 738 3160 d.
753 3104 838 3175 Cipri.
853 3105 955 3160 Valere
970 3105 997 3160 d.
1010 3106 1053 3160 Je.
1068 3107 1186 3178 Dakyns
1200 3106 1226 3162 d.
1240 3105 1372 3161 Christos.
1387 3105 1490 3176 Smyth

401 3193 428 3248 d.
441 3193 485 3248 Jo.
498 3193 652 3248 Richardes
664 3193 690 3247 d.
704 3194 772 3264 Reg.
787 3193 886 3249 Foster
897 3194 922 3249 d.
937 3195 1025 3249 Anth.
1040 3195 1133 3250 Feurd
1145 3194 1171 3250 d
1185 3194 1254 3249 The.
1268 3193 1395 3249 Asheten

331 3281 502 3337 Conceditur
513 3281 611 3336 eadem
622 3282 714 3352 grstia
725 3281 784 3352 xiiij
800 3281 867 3336 Msii
880 3281 995 3337 demine
1008 3281 1077 3338 Rad.
1091 3282 1222 3337 Tunstall

331 3367 501 3424 Conceditur
513 3369 611 3424 eadem
623 3368 714 3440 gratia
726 3369 770 3440 xxj
784 3369 802 3424 J
803 3369 854 3424 ulii
866 3369 981 3426 domino
994 3370 1101 3426 Webbe

331 3457 501 3512 Conceditur
527 3461 560 3511 12
584 3457 664 3512 Junii
690 3457 851 3512 Christiane
876 3457 1010 3512 Maeabee
1034 3463 1066 3512 vt
1090 3459 1118 3512 ix
1142 3457 1257 3513 termini
1282 3462 1347 3529 pest
1370 3457 1489 3529 gradum

402 3543 578 3600 bachslaurei
596 3545 626 3599 in
643 3543 747 3615 quibus
764 3544 898 3599 lectiones
916 3544 1072 3599 ordinarias
1090 3544 1201 3600 audiuit
1219 3544 1284 3601 lieet
1301 3563 1356 3600 nen
1374 3547 1490 3600 omnine

401 3631 555 3686 secundum
573 3631 693 3686 formam
711 3631 814 3685 statuti
832 3649 897 3685 cnm
915 3630 1008 3686 tribus
1027 3630 1256 3703 responsionibus
1277 3636 1306 3687 ct
1327 3632 1391 3687 aliis
1413 3649 1489 3687 exer·

400 3718 476 3774 citiis
499 3737 550 3791 per
573 3720 648 3790 regia
671 3723 782 3773 statute
806 3719 951 3791 requisitis
975 3720 1117 3774 sufficient
1138 3720 1163 3774 ei
1184 3720 1221 3776 ad
1245 3719 1435 3792 incipiendum
1458 3721 1489 3776 in

400 3807 511 3862 artibus

331 3894 501 3950 Conceditur
518 3897 533 3948 2
550 3893 568 3948 J
571 3894 621 3949 ulii
634 3893 676 3948 W.
696 3893 785 3948 Fulke
802 3899 833 3948 vt
849 3893 977 3949 studium
994 3894 1056 3966 viij⁰
1072 3913 1211 3950 annerum
1228 3896 1258 3950 in
1274 3894 1490 3950 humanioribus

400 3982 491 4038 literis
507 3988 537 4036 et
553 3983 639 4037 saeris
656 4000 720 4037 eum
739 3981 831 4038 tribus
849 3982 1079 4054 responsionibus
1094 3988 1125 4039 et
1140 3983 1204 4039 eliis
1220 4001 1270 4056 per
1286 3984 1361 4054 regia
1378 3987 1490 4039 statute

400 4071 545 4143 requisitis
560 4071 682 4126 sufficiet
697 4073 722 4126 ei
739 4071 776 4127 ad
793 4070 985 4142 incipiendum
1002 4071 1032 4126 in
1045 4070 1155 4126 artibus
1167 4071 1248 4127 sicvt
1258 4076 1352 4127 restra
1364 4072 1489 4128 authori-

213 4153 233 4212 f.
251 4155 288 4212 69
298 4175 317 4212 a
400 4165 460 4216 tete
475 4160 643 4231 respondeat
660 4161 690 4214 in
706 4159 807 4215 habitu
823 4159 1001 4215 bachalaurei
1013 4165 1042 4215 et
1054 4160 1146 4215 solvat
1158 4161 1337 4216 vniuersitati
1350 4159 1400 4215 xla

331 4249 393 4303 Vno
409 4265 474 4302 cum
494 4247 549 4302 hiis
570 4246 736 4318 inceperunt
756 4246 792 4302 de
812 4247 928 4318 collegio
947 4247 1043 4318 Regali
1061 4247 1165 4318 quibus
1186 4247 1265 4303 nulla
1285 4247 1377 4318 gratia
1397 4248 1491 4318 petits

398 4353 489 4406 neque
504 4334 678 4406 dispensatio
694 4353 826 4391 concessa
842 4337 974 4392 deminus
992 4337 1127 4408 Regerius
1142 4337 1220 4393 Cede
1236 4336 1263 4394 d.
1277 4336 1345 4392 The.
1360 4337 1491 4393 Hatcher

399 4429 428 4478 et
444 4421 581 4478 Riesrdns
597 4421 785 4494 Bridgewater
