<?xml version="1.0" encoding="UTF-8"?>
<!DOCTYPE html PUBLIC "-//W3C//DTD XHTML 1.0 Transitional//EN"
    "http://www.w3.org/TR/xhtml1/DTD/xhtml1-transitional.dtd">
<html xmlns="http://www.w3.org/1999/xhtml" xml:lang="en" lang="en">
 <head>
  <title>
</title>
<meta http-equiv="Content-Type" content="text/html;charset=utf-8" />
  <meta name='ocr-system' content='tesseract 3.04.00' />
  <meta name='ocr-capabilities' content='ocr_page ocr_carea ocr_par ocr_line ocrx_word'/>
</head>
<body>
  <div class='ocr_page' id='page_1' title='image "./gracebookgreekl00venngoog_0139.png"; bbox 0 0 3378 5116; ppageno 0'>
   <div class='ocr_carea' id='block_1_1' title="bbox 767 348 1486 434">
    <p class='ocr_par' dir='ltr' id='par_1_1' title="bbox 767 348 1486 434">
     <span class='ocr_line' id='line_1_1' title="bbox 767 348 1486 434; baseline -0.006 -16"><span class='ocrx_word' id='word_1_1' title='bbox 767 369 881 420; x_wconf 75' lang='lat' dir='ltr'><strong>onnon</strong></span> <span class='ocrx_word' id='word_1_2' title='bbox 903 368 997 417; x_wconf 79' lang='lat' dir='ltr'><strong>soon</strong></span> <span class='ocrx_word' id='word_1_3' title='bbox 1020 369 1042 416; x_wconf 84' lang='lat' dir='ltr'><strong>n</strong></span> <span class='ocrx_word' id='word_1_4' title='bbox 1321 348 1486 434; x_wconf 75' lang='lat' dir='ltr'><strong>[loct-55</strong></span> 
     </span>
    </p>
   </div>
   <div class='ocr_carea' id='block_1_2' title="bbox 673 855 1150 941">
    <p class='ocr_par' dir='ltr' id='par_1_2' title="bbox 673 855 1150 941">
     <span class='ocr_line' id='line_1_2' title="bbox 673 855 1150 941; baseline -0.01 -18"><span class='ocrx_word' id='word_1_5' title='bbox 673 857 906 923; x_wconf 78' lang='lat' dir='ltr'><strong>Bacchalaurei</strong></span> <span class='ocrx_word' id='word_1_6' title='bbox 928 857 963 920; x_wconf 95' lang='lat' dir='ltr'><strong>in</strong></span> <span class='ocrx_word' id='word_1_7' title='bbox 986 855 1150 941; x_wconf 78' lang='lat' dir='ltr'><strong>theologia</strong></span> 
     </span>
    </p>
   </div>
   <div class='ocr_carea' id='block_1_3' title="bbox 334 1039 1495 2528">
    <p class='ocr_par' dir='ltr' id='par_1_3' title="bbox 334 1039 1492 1554">
     <span class='ocr_line' id='line_1_3' title="bbox 334 1039 1491 1115; baseline -0.004 -18"><span class='ocrx_word' id='word_1_8' title='bbox 334 1041 368 1098; x_wconf 91' lang='lat' dir='ltr'><strong>In</strong></span> <span class='ocrx_word' id='word_1_9' title='bbox 381 1044 481 1115; x_wconf 89' lang='lat' dir='ltr'><strong>primis</strong></span> <span class='ocrx_word' id='word_1_10' title='bbox 492 1043 654 1099; x_wconf 78' lang='lat' dir='ltr'><strong>conceditur</strong></span> <span class='ocrx_word' id='word_1_11' title='bbox 665 1044 800 1114; x_wconf 80' lang='lat' dir='ltr'><strong>magistro</strong></span> <span class='ocrx_word' id='word_1_12' title='bbox 812 1043 830 1098; x_wconf 87' lang='lat' dir='ltr'><strong>J</strong></span> <span class='ocrx_word' id='word_1_13' title='bbox 832 1043 940 1097; x_wconf 89' lang='lat' dir='ltr'><strong>honson</strong></span> <span class='ocrx_word' id='word_1_14' title='bbox 950 1045 982 1096; x_wconf 89' lang='lat' dir='ltr'><strong>vt</strong></span> <span class='ocrx_word' id='word_1_15' title='bbox 993 1041 1121 1097; x_wconf 88' lang='lat' dir='ltr'><strong>studium</strong></span> <span class='ocrx_word' id='word_1_16' title='bbox 1133 1045 1296 1097; x_wconf 78' lang='lat' dir='ltr'><strong>(tensorum</strong></span> <span class='ocrx_word' id='word_1_17' title='bbox 1309 1040 1339 1094; x_wconf 87' lang='lat' dir='ltr'><strong>in</strong></span> <span class='ocrx_word' id='word_1_18' title='bbox 1351 1039 1491 1110; x_wconf 74' lang='lat' dir='ltr'><strong>theologia</strong></span> 
     </span>
     <span class='ocr_line' id='line_1_4' title="bbox 403 1127 1491 1203; baseline -0.005 -17"><span class='ocrx_word' id='word_1_19' title='bbox 403 1137 554 1203; x_wconf 89' lang='lat' dir='ltr'><strong>postquam</strong></span> <span class='ocrx_word' id='word_1_20' title='bbox 576 1133 728 1187; x_wconf 84' lang='lat' dir='ltr'><strong>rexeritis</strong></span> <span class='ocrx_word' id='word_1_21' title='bbox 750 1130 861 1187; x_wconf 88' lang='lat' dir='ltr'><strong>artibus</strong></span> <span class='ocrx_word' id='word_1_22' title='bbox 884 1149 948 1187; x_wconf 93' lang='lat' dir='ltr'><strong>cum</strong></span> <span class='ocrx_word' id='word_1_23' title='bbox 971 1149 1028 1185; x_wconf 89' lang='lat' dir='ltr'><strong>vna</strong></span> <span class='ocrx_word' id='word_1_24' title='bbox 1048 1131 1228 1202; x_wconf 81' lang='lat' dir='ltr'><strong>responsione</strong></span> <span class='ocrx_word' id='word_1_25' title='bbox 1249 1129 1293 1184; x_wconf 89' lang='lat' dir='ltr'><strong>vel</strong></span> <span class='ocrx_word' id='word_1_26' title='bbox 1314 1127 1442 1199; x_wconf 91' lang='lat' dir='ltr'><strong>pluribus</strong></span> <span class='ocrx_word' id='word_1_27' title='bbox 1466 1127 1491 1181; x_wconf 88' lang='lat' dir='ltr'><strong>si</strong></span> 
     </span>
     <span class='ocr_line' id='line_1_5' title="bbox 404 1214 1491 1288; baseline -0.004 -16"><span class='ocrx_word' id='word_1_28' title='bbox 404 1219 553 1288; x_wconf 84' lang='lat' dir='ltr'><strong>exiguntur</strong></span> <span class='ocrx_word' id='word_1_29' title='bbox 566 1222 596 1273; x_wconf 90' lang='lat' dir='ltr'><strong>et</strong></span> <span class='ocrx_word' id='word_1_30' title='bbox 610 1237 674 1273; x_wconf 90' lang='lat' dir='ltr'><strong>cum</strong></span> <span class='ocrx_word' id='word_1_31' title='bbox 687 1218 798 1273; x_wconf 88' lang='lat' dir='ltr'><strong>duobus</strong></span> <span class='ocrx_word' id='word_1_32' title='bbox 809 1217 986 1273; x_wconf 84' lang='lat' dir='ltr'><strong>sermonibus</strong></span> <span class='ocrx_word' id='word_1_33' title='bbox 999 1235 1054 1272; x_wconf 87' lang='lat' dir='ltr'><strong>vno</strong></span> <span class='ocrx_word' id='word_1_34' title='bbox 1066 1216 1102 1272; x_wconf 87' lang='lat' dir='ltr'><strong>ad</strong></span> <span class='ocrx_word' id='word_1_35' title='bbox 1114 1217 1220 1272; x_wconf 85' lang='lat' dir='ltr'><strong>clerum</strong></span> <span class='ocrx_word' id='word_1_36' title='bbox 1232 1216 1320 1270; x_wconf 87' lang='lat' dir='ltr'><strong>sltsrc</strong></span> <span class='ocrx_word' id='word_1_37' title='bbox 1332 1214 1368 1269; x_wconf 85' lang='lat' dir='ltr'><strong>sd</strong></span> <span class='ocrx_word' id='word_1_38' title='bbox 1381 1231 1491 1270; x_wconf 88' lang='lat' dir='ltr'><strong>crucem</strong></span> 
     </span>
     <span class='ocr_line' id='line_1_6' title="bbox 406 1303 1492 1379; baseline -0.003 -19"><span class='ocrx_word' id='word_1_39' title='bbox 406 1306 485 1361; x_wconf 90' lang='lat' dir='ltr'><strong>Pauli</strong></span> <span class='ocrx_word' id='word_1_40' title='bbox 502 1307 644 1361; x_wconf 88' lang='lat' dir='ltr'><strong>sufficiant</strong></span> <span class='ocrx_word' id='word_1_41' title='bbox 660 1307 685 1361; x_wconf 91' lang='lat' dir='ltr'><strong>ei</strong></span> <span class='ocrx_word' id='word_1_42' title='bbox 703 1306 738 1362; x_wconf 84' lang='lat' dir='ltr'><strong>ud</strong></span> <span class='ocrx_word' id='word_1_43' title='bbox 755 1307 952 1379; x_wconf 89' lang='lat' dir='ltr'><strong>opponendum</strong></span> <span class='ocrx_word' id='word_1_44' title='bbox 970 1311 999 1362; x_wconf 88' lang='lat' dir='ltr'><strong>et</strong></span> <span class='ocrx_word' id='word_1_45' title='bbox 1015 1306 1180 1362; x_wconf 85' lang='lat' dir='ltr'><strong>intrandum</strong></span> <span class='ocrx_word' id='word_1_46' title='bbox 1197 1306 1227 1360; x_wconf 92' lang='lat' dir='ltr'><strong>in</strong></span> <span class='ocrx_word' id='word_1_47' title='bbox 1243 1304 1341 1360; x_wconf 87' lang='lat' dir='ltr'><strong>eadem</strong></span> <span class='ocrx_word' id='word_1_48' title='bbox 1357 1303 1492 1358; x_wconf 76' lang='lat' dir='ltr'><strong>facultate</strong></span> 
     </span>
     <span class='ocr_line' id='line_1_7' title="bbox 405 1390 1491 1466; baseline -0.003 -18"><span class='ocrx_word' id='word_1_49' title='bbox 405 1394 445 1448; x_wconf 88' lang='lat' dir='ltr'><strong>sic</strong></span> <span class='ocrx_word' id='word_1_50' title='bbox 463 1399 496 1448; x_wconf 88' lang='lat' dir='ltr'><strong>vt</strong></span> <span class='ocrx_word' id='word_1_51' title='bbox 513 1394 682 1466; x_wconf 81' lang='lat' dir='ltr'><strong>respondeat</strong></span> <span class='ocrx_word' id='word_1_52' title='bbox 700 1399 854 1466; x_wconf 81' lang='lat' dir='ltr'><strong>antequem</strong></span> <span class='ocrx_word' id='word_1_53' title='bbox 872 1394 1043 1449; x_wconf 85' lang='lat' dir='ltr'><strong>admittatur</strong></span> <span class='ocrx_word' id='word_1_54' title='bbox 1060 1397 1090 1448; x_wconf 93' lang='lat' dir='ltr'><strong>et</strong></span> <span class='ocrx_word' id='word_1_55' title='bbox 1108 1397 1166 1449; x_wconf 88' lang='lat' dir='ltr'><strong>stet</strong></span> <span class='ocrx_word' id='word_1_56' title='bbox 1185 1410 1329 1465; x_wconf 90' lang='lat' dir='ltr'><strong>opponens</strong></span> <span class='ocrx_word' id='word_1_57' title='bbox 1347 1408 1435 1462; x_wconf 79' lang='lat' dir='ltr'><strong>reque</strong></span> <span class='ocrx_word' id='word_1_58' title='bbox 1455 1390 1491 1445; x_wconf 86' lang='lat' dir='ltr'><strong>ad</strong></span> 
     </span>
     <span class='ocr_line' id='line_1_8' title="bbox 405 1479 1492 1554; baseline -0.005 -16"><span class='ocrx_word' id='word_1_59' title='bbox 405 1483 509 1538; x_wconf 78' lang='lat' dir='ltr'><strong>festum</strong></span> <span class='ocrx_word' id='word_1_60' title='bbox 523 1483 652 1537; x_wconf 88' lang='lat' dir='ltr'><strong>Bamabe</strong></span> <span class='ocrx_word' id='word_1_61' title='bbox 688 1482 926 1554; x_wconf 72' lang='lat' dir='ltr'><strong>(concionabatur</strong></span> <span class='ocrx_word' id='word_1_62' title='bbox 936 1482 972 1537; x_wconf 86' lang='lat' dir='ltr'><strong>ad</strong></span> <span class='ocrx_word' id='word_1_63' title='bbox 986 1481 1091 1536; x_wconf 88' lang='lat' dir='ltr'><strong>clerum</strong></span> <span class='ocrx_word' id='word_1_64' title='bbox 1104 1485 1139 1536; x_wconf 78' lang='lat'><strong>23</strong></span> <span class='ocrx_word' id='word_1_65' title='bbox 1150 1481 1279 1536; x_wconf 83' lang='lat' dir='ltr'><strong>Octobris</strong></span> <span class='ocrx_word' id='word_1_66' title='bbox 1290 1483 1358 1535; x_wconf 80' lang='grc'><strong>1558</strong></span> <span class='ocrx_word' id='word_1_67' title='bbox 1371 1479 1492 1551; x_wconf 67' lang='lat' dir='ltr'><strong>margin)</strong></span> 
     </span>
    </p>

    <p class='ocr_par' dir='ltr' id='par_1_4' title="bbox 336 1567 1494 1996">
     <span class='ocr_line' id='line_1_9' title="bbox 336 1567 1494 1640; baseline -0.003 -17"><span class='ocrx_word' id='word_1_68' title='bbox 336 1569 410 1624; x_wconf 82' lang='lat' dir='ltr'><strong>Item</strong></span> <span class='ocrx_word' id='word_1_69' title='bbox 431 1569 594 1624; x_wconf 89' lang='lat' dir='ltr'><strong>conceditur</strong></span> <span class='ocrx_word' id='word_1_70' title='bbox 611 1569 746 1640; x_wconf 86' lang='lat' dir='ltr'><strong>magistro</strong></span> <span class='ocrx_word' id='word_1_71' title='bbox 764 1568 895 1640; x_wconf 87' lang='lat' dir='ltr'><strong>Whynke</strong></span> <span class='ocrx_word' id='word_1_72' title='bbox 913 1572 945 1623; x_wconf 88' lang='lat' dir='ltr'><strong>vt</strong></span> <span class='ocrx_word' id='word_1_73' title='bbox 966 1569 1094 1624; x_wconf 90' lang='lat' dir='ltr'><strong>studium</strong></span> <span class='ocrx_word' id='word_1_74' title='bbox 1114 1573 1130 1625; x_wconf 83' lang='lat'><strong>7</strong></span> <span class='ocrx_word' id='word_1_75' title='bbox 1148 1585 1286 1624; x_wconf 80' lang='lat' dir='ltr'><strong>annorum</strong></span> <span class='ocrx_word' id='word_1_76' title='bbox 1306 1569 1335 1622; x_wconf 92' lang='lat' dir='ltr'><strong>in</strong></span> <span class='ocrx_word' id='word_1_77' title='bbox 1355 1567 1494 1637; x_wconf 81' lang='lat' dir='ltr'><strong>theologia</strong></span> 
     </span>
     <span class='ocr_line' id='line_1_10' title="bbox 406 1654 1493 1729; baseline -0.003 -17"><span class='ocrx_word' id='word_1_78' title='bbox 406 1662 556 1729; x_wconf 88' lang='lat' dir='ltr'><strong>postquam</strong></span> <span class='ocrx_word' id='word_1_79' title='bbox 581 1659 684 1712; x_wconf 88' lang='lat' dir='ltr'><strong>rexerit</strong></span> <span class='ocrx_word' id='word_1_80' title='bbox 707 1659 736 1713; x_wconf 90' lang='lat' dir='ltr'><strong>in</strong></span> <span class='ocrx_word' id='word_1_81' title='bbox 761 1658 871 1713; x_wconf 80' lang='lat' dir='ltr'><strong>artibus</strong></span> <span class='ocrx_word' id='word_1_82' title='bbox 891 1675 947 1712; x_wconf 89' lang='lat' dir='ltr'><strong>vna</strong></span> <span class='ocrx_word' id='word_1_83' title='bbox 967 1676 1032 1713; x_wconf 92' lang='lat' dir='ltr'><strong>cum</strong></span> <span class='ocrx_word' id='word_1_84' title='bbox 1053 1657 1164 1713; x_wconf 91' lang='lat' dir='ltr'><strong>duobus</strong></span> <span class='ocrx_word' id='word_1_85' title='bbox 1184 1657 1361 1712; x_wconf 84' lang='lat' dir='ltr'><strong>sermonibus</strong></span> <span class='ocrx_word' id='word_1_86' title='bbox 1381 1673 1436 1710; x_wconf 90' lang='lat' dir='ltr'><strong>vno</strong></span> <span class='ocrx_word' id='word_1_87' title='bbox 1456 1654 1493 1709; x_wconf 84' lang='lat' dir='ltr'><strong>ed</strong></span> 
     </span>
     <span class='ocr_line' id='line_1_11' title="bbox 406 1743 1494 1817; baseline -0.003 -16"><span class='ocrx_word' id='word_1_88' title='bbox 406 1747 510 1801; x_wconf 83' lang='lat' dir='ltr'><strong>clanim</strong></span> <span class='ocrx_word' id='word_1_89' title='bbox 529 1748 617 1802; x_wconf 79' lang='lat' dir='ltr'><strong>altero</strong></span> <span class='ocrx_word' id='word_1_90' title='bbox 633 1747 669 1802; x_wconf 86' lang='lat' dir='ltr'><strong>ad</strong></span> <span class='ocrx_word' id='word_1_91' title='bbox 686 1765 796 1803; x_wconf 89' lang='lat' dir='ltr'><strong>crucem</strong></span> <span class='ocrx_word' id='word_1_92' title='bbox 814 1747 893 1802; x_wconf 89' lang='lat' dir='ltr'><strong>Pauli</strong></span> <span class='ocrx_word' id='word_1_93' title='bbox 911 1751 1021 1802; x_wconf 88' lang='lat' dir='ltr'><strong>etcum</strong></span> <span class='ocrx_word' id='word_1_94' title='bbox 1038 1764 1094 1801; x_wconf 89' lang='lat' dir='ltr'><strong>vna</strong></span> <span class='ocrx_word' id='word_1_95' title='bbox 1110 1747 1289 1817; x_wconf 85' lang='lat' dir='ltr'><strong>responsione</strong></span> <span class='ocrx_word' id='word_1_96' title='bbox 1305 1746 1349 1801; x_wconf 83' lang='lat' dir='ltr'><strong>vel</strong></span> <span class='ocrx_word' id='word_1_97' title='bbox 1366 1743 1494 1817; x_wconf 89' lang='lat' dir='ltr'><strong>pluribus</strong></span> 
     </span>
     <span class='ocr_line' id='line_1_12' title="bbox 406 1833 1493 1908; baseline -0.003 -18"><span class='ocrx_word' id='word_1_98' title='bbox 406 1837 430 1891; x_wconf 90' lang='lat' dir='ltr'><strong>si</strong></span> <span class='ocrx_word' id='word_1_99' title='bbox 446 1838 594 1907; x_wconf 84' lang='lat' dir='ltr'><strong>exigantur</strong></span> <span class='ocrx_word' id='word_1_100' title='bbox 610 1837 681 1891; x_wconf 85' lang='lat' dir='ltr'><strong>citra</strong></span> <span class='ocrx_word' id='word_1_101' title='bbox 696 1838 841 1892; x_wconf 81' lang='lat' dir='ltr'><strong>commitis</strong></span> <span class='ocrx_word' id='word_1_102' title='bbox 858 1836 985 1908; x_wconf 82' lang='lat' dir='ltr'><strong>proxima</strong></span> <span class='ocrx_word' id='word_1_103' title='bbox 1000 1836 1121 1891; x_wconf 89' lang='lat' dir='ltr'><strong>sufficiat</strong></span> <span class='ocrx_word' id='word_1_104' title='bbox 1135 1836 1161 1890; x_wconf 89' lang='lat' dir='ltr'><strong>ei</strong></span> <span class='ocrx_word' id='word_1_105' title='bbox 1176 1840 1236 1890; x_wconf 84' lang='lat' dir='ltr'><strong>tem</strong></span> <span class='ocrx_word' id='word_1_106' title='bbox 1248 1833 1284 1889; x_wconf 85' lang='lat' dir='ltr'><strong>ad</strong></span> <span class='ocrx_word' id='word_1_107' title='bbox 1296 1833 1493 1905; x_wconf 89' lang='lat' dir='ltr'><strong>opponendum</strong></span> 
     </span>
     <span class='ocr_line' id='line_1_13' title="bbox 406 1925 954 1996; baseline 0 -17"><span class='ocrx_word' id='word_1_108' title='bbox 406 1942 491 1995; x_wconf 88' lang='lat' dir='ltr'><strong>quam</strong></span> <span class='ocrx_word' id='word_1_109' title='bbox 504 1926 667 1981; x_wconf 85' lang='lat' dir='ltr'><strong>intrandum</strong></span> <span class='ocrx_word' id='word_1_110' title='bbox 680 1927 710 1980; x_wconf 93' lang='lat' dir='ltr'><strong>in</strong></span> <span class='ocrx_word' id='word_1_111' title='bbox 723 1943 802 1980; x_wconf 88' lang='lat' dir='ltr'><strong>sacra</strong></span> <span class='ocrx_word' id='word_1_112' title='bbox 813 1925 954 1996; x_wconf 84' lang='lat' dir='ltr'><strong>theologia</strong></span> 
     </span>
    </p>

    <p class='ocr_par' dir='ltr' id='par_1_5' title="bbox 337 2011 1495 2528">
     <span class='ocr_line' id='line_1_14' title="bbox 337 2011 1493 2082; baseline -0.001 -16"><span class='ocrx_word' id='word_1_113' title='bbox 337 2011 412 2067; x_wconf 90' lang='lat' dir='ltr'><strong>Item</strong></span> <span class='ocrx_word' id='word_1_114' title='bbox 427 2014 590 2069; x_wconf 87' lang='lat' dir='ltr'><strong>conceditur</strong></span> <span class='ocrx_word' id='word_1_115' title='bbox 607 2013 715 2069; x_wconf 85' lang='lat' dir='ltr'><strong>Thome</strong></span> <span class='ocrx_word' id='word_1_116' title='bbox 734 2013 831 2068; x_wconf 87' lang='lat' dir='ltr'><strong>Merell</strong></span> <span class='ocrx_word' id='word_1_117' title='bbox 849 2019 880 2067; x_wconf 88' lang='lat' dir='ltr'><strong>vt</strong></span> <span class='ocrx_word' id='word_1_118' title='bbox 898 2012 1025 2067; x_wconf 90' lang='lat' dir='ltr'><strong>studium</strong></span> <span class='ocrx_word' id='word_1_119' title='bbox 1042 2015 1209 2068; x_wconf 66' lang='lat' dir='ltr'><strong>&#39;faunorum</strong></span> <span class='ocrx_word' id='word_1_120' title='bbox 1226 2011 1256 2065; x_wconf 91' lang='lat' dir='ltr'><strong>in</strong></span> <span class='ocrx_word' id='word_1_121' title='bbox 1273 2011 1413 2082; x_wconf 86' lang='lat' dir='ltr'><strong>theologia</strong></span> <span class='ocrx_word' id='word_1_122' title='bbox 1428 2027 1493 2065; x_wconf 85' lang='lat' dir='ltr'><strong>cum</strong></span> 
     </span>
     <span class='ocr_line' id='line_1_15' title="bbox 406 2100 1495 2158; baseline -0.002 -2"><span class='ocrx_word' id='word_1_123' title='bbox 406 2101 516 2157; x_wconf 89' lang='lat' dir='ltr'><strong>duobus</strong></span> <span class='ocrx_word' id='word_1_124' title='bbox 528 2102 704 2158; x_wconf 88' lang='lat' dir='ltr'><strong>sermonibus</strong></span> <span class='ocrx_word' id='word_1_125' title='bbox 717 2121 772 2158; x_wconf 89' lang='lat' dir='ltr'><strong>vno</strong></span> <span class='ocrx_word' id='word_1_126' title='bbox 784 2103 819 2158; x_wconf 90' lang='lat' dir='ltr'><strong>ad</strong></span> <span class='ocrx_word' id='word_1_127' title='bbox 832 2104 937 2158; x_wconf 91' lang='lat' dir='ltr'><strong>clerum</strong></span> <span class='ocrx_word' id='word_1_128' title='bbox 950 2103 1038 2157; x_wconf 86' lang='lat' dir='ltr'><strong>altero</strong></span> <span class='ocrx_word' id='word_1_129' title='bbox 1049 2102 1086 2157; x_wconf 84' lang='lat' dir='ltr'><strong>ed</strong></span> <span class='ocrx_word' id='word_1_130' title='bbox 1098 2119 1209 2156; x_wconf 90' lang='lat' dir='ltr'><strong>crucem</strong></span> <span class='ocrx_word' id='word_1_131' title='bbox 1227 2100 1305 2156; x_wconf 90' lang='lat' dir='ltr'><strong>Pauli</strong></span> <span class='ocrx_word' id='word_1_132' title='bbox 1321 2105 1426 2154; x_wconf 87' lang='lat' dir='ltr'><strong>etcum</strong></span> <span class='ocrx_word' id='word_1_133' title='bbox 1439 2117 1495 2154; x_wconf 87' lang='lat' dir='ltr'><strong>vna</strong></span> 
     </span>
     <span class='ocr_line' id='line_1_16' title="bbox 406 2190 1495 2263; baseline 0 -19"><span class='ocrx_word' id='word_1_134' title='bbox 406 2192 586 2262; x_wconf 83' lang='lat' dir='ltr'><strong>responsione</strong></span> <span class='ocrx_word' id='word_1_135' title='bbox 602 2192 645 2246; x_wconf 87' lang='lat' dir='ltr'><strong>vel</strong></span> <span class='ocrx_word' id='word_1_136' title='bbox 661 2192 789 2263; x_wconf 88' lang='lat' dir='ltr'><strong>pluribus</strong></span> <span class='ocrx_word' id='word_1_137' title='bbox 804 2193 828 2246; x_wconf 93' lang='lat' dir='ltr'><strong>si</strong></span> <span class='ocrx_word' id='word_1_138' title='bbox 845 2193 992 2263; x_wconf 84' lang='lat' dir='ltr'><strong>exigantur</strong></span> <span class='ocrx_word' id='word_1_139' title='bbox 1005 2210 1080 2247; x_wconf 88' lang='lat' dir='ltr'><strong>anno</strong></span> <span class='ocrx_word' id='word_1_140' title='bbox 1098 2191 1225 2263; x_wconf 85' lang='lat' dir='ltr'><strong>proximo</strong></span> <span class='ocrx_word' id='word_1_141' title='bbox 1243 2190 1296 2246; x_wconf 87' lang='lat' dir='ltr'><strong>sub</strong></span> <span class='ocrx_word' id='word_1_142' title='bbox 1314 2207 1387 2262; x_wconf 89' lang='lat' dir='ltr'><strong>pens</strong></span> <span class='ocrx_word' id='word_1_143' title='bbox 1404 2190 1495 2244; x_wconf 92' lang='lat' dir='ltr'><strong>cauci·</strong></span> 
     </span>
     <span class='ocr_line' id='line_1_17' title="bbox 407 2278 1495 2350; baseline -0.001 -19"><span class='ocrx_word' id='word_1_144' title='bbox 407 2279 469 2332; x_wconf 91' lang='lat' dir='ltr'><strong>onis</strong></span> <span class='ocrx_word' id='word_1_145' title='bbox 481 2284 603 2348; x_wconf 86' lang='lat' dir='ltr'><strong>quatuor</strong></span> <span class='ocrx_word' id='word_1_146' title='bbox 615 2297 772 2334; x_wconf 87' lang='lat' dir='ltr'><strong>marcarum</strong></span> <span class='ocrx_word' id='word_1_147' title='bbox 785 2279 913 2350; x_wconf 89' lang='lat' dir='ltr'><strong>ponende</strong></span> <span class='ocrx_word' id='word_1_148' title='bbox 925 2280 954 2333; x_wconf 93' lang='lat' dir='ltr'><strong>in</strong></span> <span class='ocrx_word' id='word_1_149' title='bbox 968 2278 1099 2334; x_wconf 88' lang='lat' dir='ltr'><strong>manibus</strong></span> <span class='ocrx_word' id='word_1_150' title='bbox 1114 2281 1326 2348; x_wconf 78' lang='lat' dir='ltr'><strong>procuratorum</strong></span> <span class='ocrx_word' id='word_1_151' title='bbox 1343 2281 1495 2347; x_wconf 81' lang='lat' dir='ltr'><strong>antequam</strong></span> 
     </span>
     <span class='ocr_line' id='line_1_18' title="bbox 408 2365 1495 2436; baseline 0 -16"><span class='ocrx_word' id='word_1_152' title='bbox 408 2366 578 2422; x_wconf 84' lang='lat' dir='ltr'><strong>admittatur</strong></span> <span class='ocrx_word' id='word_1_153' title='bbox 601 2368 722 2423; x_wconf 87' lang='lat' dir='ltr'><strong>sufficiat</strong></span> <span class='ocrx_word' id='word_1_154' title='bbox 746 2369 771 2423; x_wconf 86' lang='lat' dir='ltr'><strong>ei</strong></span> <span class='ocrx_word' id='word_1_155' title='bbox 796 2368 832 2423; x_wconf 88' lang='lat' dir='ltr'><strong>ad</strong></span> <span class='ocrx_word' id='word_1_156' title='bbox 857 2368 1021 2423; x_wconf 88' lang='lat' dir='ltr'><strong>intrandum</strong></span> <span class='ocrx_word' id='word_1_157' title='bbox 1043 2368 1073 2422; x_wconf 92' lang='lat' dir='ltr'><strong>in</strong></span> <span class='ocrx_word' id='word_1_158' title='bbox 1095 2385 1174 2422; x_wconf 84' lang='lat' dir='ltr'><strong>sscrs</strong></span> <span class='ocrx_word' id='word_1_159' title='bbox 1198 2367 1337 2436; x_wconf 81' lang='lat' dir='ltr'><strong>theologia</strong></span> <span class='ocrx_word' id='word_1_160' title='bbox 1358 2366 1398 2422; x_wconf 89' lang='lat' dir='ltr'><strong>sic</strong></span> <span class='ocrx_word' id='word_1_161' title='bbox 1419 2365 1495 2436; x_wconf 91' lang='lat' dir='ltr'><strong>quod</strong></span> 
     </span>
     <span class='ocr_line' id='line_1_19' title="bbox 408 2453 1453 2528; baseline 0 -20"><span class='ocrx_word' id='word_1_162' title='bbox 408 2454 579 2510; x_wconf 88' lang='lat' dir='ltr'><strong>admittatur</strong></span> <span class='ocrx_word' id='word_1_163' title='bbox 590 2461 650 2510; x_wconf 76' lang='lat' dir='ltr'><strong>tem</strong></span> <span class='ocrx_word' id='word_1_164' title='bbox 663 2455 698 2510; x_wconf 89' lang='lat' dir='ltr'><strong>ad</strong></span> <span class='ocrx_word' id='word_1_165' title='bbox 711 2457 908 2528; x_wconf 89' lang='lat' dir='ltr'><strong>opponendum</strong></span> <span class='ocrx_word' id='word_1_166' title='bbox 921 2473 1007 2525; x_wconf 70' lang='lat' dir='ltr'><strong>qurum</strong></span> <span class='ocrx_word' id='word_1_167' title='bbox 1020 2455 1185 2510; x_wconf 87' lang='lat' dir='ltr'><strong>intrandum</strong></span> <span class='ocrx_word' id='word_1_168' title='bbox 1197 2455 1227 2509; x_wconf 95' lang='lat' dir='ltr'><strong>in</strong></span> <span class='ocrx_word' id='word_1_169' title='bbox 1240 2455 1312 2509; x_wconf 83' lang='lat' dir='ltr'><strong>sesto</strong></span> <span class='ocrx_word' id='word_1_170' title='bbox 1325 2453 1453 2508; x_wconf 80' lang='lat' dir='ltr'><strong>Bernaba</strong></span> 
     </span>
    </p>
   </div>
   <div class='ocr_carea' id='block_1_4' title="bbox 784 2871 1052 2958">
    <p class='ocr_par' dir='ltr' id='par_1_6' title="bbox 784 2871 1052 2958">
     <span class='ocr_line' id='line_1_20' title="bbox 784 2871 1052 2958; baseline 0 -22"><span class='ocrx_word' id='word_1_171' title='bbox 784 2871 1052 2958; x_wconf 78' lang='lat' dir='ltr'><strong>Dispensaciones</strong></span> 
     </span>
    </p>
   </div>
   <div class='ocr_carea' id='block_1_5' title="bbox 217 3083 1574 4482">
    <p class='ocr_par' dir='ltr' id='par_1_7' title="bbox 340 3083 1498 3423">
     <span class='ocr_line' id='line_1_21' title="bbox 340 3083 1497 3158; baseline -0.003 -17"><span class='ocrx_word' id='word_1_172' title='bbox 340 3085 376 3141; x_wconf 93' lang='lat' dir='ltr'><strong>In</strong></span> <span class='ocrx_word' id='word_1_173' title='bbox 392 3085 491 3158; x_wconf 90' lang='lat' dir='ltr'><strong>primis</strong></span> <span class='ocrx_word' id='word_1_174' title='bbox 507 3085 670 3141; x_wconf 89' lang='lat' dir='ltr'><strong>conceditur</strong></span> <span class='ocrx_word' id='word_1_175' title='bbox 685 3085 820 3156; x_wconf 81' lang='lat' dir='ltr'><strong>magistro</strong></span> <span class='ocrx_word' id='word_1_176' title='bbox 837 3083 939 3156; x_wconf 86' lang='lat' dir='ltr'><strong>Tayler</strong></span> <span class='ocrx_word' id='word_1_177' title='bbox 950 3089 982 3140; x_wconf 88' lang='lat' dir='ltr'><strong>vt</strong></span> <span class='ocrx_word' id='word_1_178' title='bbox 999 3085 1059 3140; x_wconf 89' lang='lat' dir='ltr'><strong>eius</strong></span> <span class='ocrx_word' id='word_1_179' title='bbox 1074 3085 1217 3156; x_wconf 89' lang='lat' dir='ltr'><strong>responsio</strong></span> <span class='ocrx_word' id='word_1_180' title='bbox 1233 3085 1268 3140; x_wconf 88' lang='lat' dir='ltr'><strong>ad</strong></span> <span class='ocrx_word' id='word_1_181' title='bbox 1285 3102 1372 3156; x_wconf 88' lang='lat' dir='ltr'><strong>quam</strong></span> <span class='ocrx_word' id='word_1_182' title='bbox 1384 3087 1497 3140; x_wconf 82' lang='lat' dir='ltr'><strong>tenetur</strong></span> 
     </span>
     <span class='ocr_line' id='line_1_22' title="bbox 410 3172 1497 3246; baseline 0.001 -17"><span class='ocrx_word' id='word_1_183' title='bbox 410 3175 520 3230; x_wconf 77' lang='lat' dir='ltr'><strong>racione</strong></span> <span class='ocrx_word' id='word_1_184' title='bbox 535 3173 638 3245; x_wconf 74' lang='lat' dir='ltr'><strong>gratim</strong></span> <span class='ocrx_word' id='word_1_185' title='bbox 655 3173 847 3229; x_wconf 84' lang='lat' dir='ltr'><strong>hacchulaurei</strong></span> <span class='ocrx_word' id='word_1_186' title='bbox 864 3174 894 3228; x_wconf 93' lang='lat' dir='ltr'><strong>in</strong></span> <span class='ocrx_word' id='word_1_187' title='bbox 911 3172 1051 3244; x_wconf 84' lang='lat' dir='ltr'><strong>theologis</strong></span> <span class='ocrx_word' id='word_1_188' title='bbox 1066 3174 1189 3244; x_wconf 87' lang='lat' dir='ltr'><strong>suscepti</strong></span> <span class='ocrx_word' id='word_1_189' title='bbox 1203 3173 1308 3228; x_wconf 84' lang='lat' dir='ltr'><strong>differri</strong></span> <span class='ocrx_word' id='word_1_190' title='bbox 1325 3174 1414 3246; x_wconf 88' lang='lat' dir='ltr'><strong>possit</strong></span> <span class='ocrx_word' id='word_1_191' title='bbox 1450 3175 1497 3230; x_wconf 90' lang='lat' dir='ltr'><strong>Sic</strong></span> 
     </span>
     <span class='ocr_line' id='line_1_23' title="bbox 409 3261 1498 3335; baseline 0 -17"><span class='ocrx_word' id='word_1_192' title='bbox 409 3263 484 3334; x_wconf 90' lang='lat' dir='ltr'><strong>quod</strong></span> <span class='ocrx_word' id='word_1_193' title='bbox 496 3263 587 3334; x_wconf 84' lang='lat' dir='ltr'><strong>possit</strong></span> <span class='ocrx_word' id='word_1_194' title='bbox 597 3263 692 3333; x_wconf 88' lang='lat' dir='ltr'><strong>perfici</strong></span> <span class='ocrx_word' id='word_1_195' title='bbox 705 3263 776 3317; x_wconf 88' lang='lat' dir='ltr'><strong>citra</strong></span> <span class='ocrx_word' id='word_1_196' title='bbox 788 3262 893 3317; x_wconf 82' lang='lat' dir='ltr'><strong>festum</strong></span> <span class='ocrx_word' id='word_1_197' title='bbox 905 3261 1033 3317; x_wconf 87' lang='lat' dir='ltr'><strong>Bamabs</strong></span> <span class='ocrx_word' id='word_1_198' title='bbox 1047 3263 1204 3335; x_wconf 81' lang='lat' dir='ltr'><strong>proximum</strong></span> <span class='ocrx_word' id='word_1_199' title='bbox 1216 3262 1270 3318; x_wconf 89' lang='lat' dir='ltr'><strong>sub</strong></span> <span class='ocrx_word' id='word_1_200' title='bbox 1281 3281 1354 3335; x_wconf 88' lang='lat' dir='ltr'><strong>pena</strong></span> <span class='ocrx_word' id='word_1_201' title='bbox 1365 3263 1395 3318; x_wconf 92' lang='lat' dir='ltr'><strong>in</strong></span> <span class='ocrx_word' id='word_1_202' title='bbox 1407 3264 1498 3334; x_wconf 84' lang='lat' dir='ltr'><strong>gratia</strong></span> 
     </span>
     <span class='ocr_line' id='line_1_24' title="bbox 410 3350 748 3423; baseline 0 -17"><span class='ocrx_word' id='word_1_203' title='bbox 410 3350 464 3406; x_wconf 92' lang='lat' dir='ltr'><strong>sibi</strong></span> <span class='ocrx_word' id='word_1_204' title='bbox 477 3351 606 3423; x_wconf 89' lang='lat' dir='ltr'><strong>superius</strong></span> <span class='ocrx_word' id='word_1_205' title='bbox 617 3369 748 3406; x_wconf 89' lang='lat' dir='ltr'><strong>concessa</strong></span> 
     </span>
    </p>

    <p class='ocr_par' dir='ltr' id='par_1_8' title="bbox 340 3439 1498 3688">
     <span class='ocr_line' id='line_1_25' title="bbox 340 3439 1498 3512; baseline 0.002 -18"><span class='ocrx_word' id='word_1_206' title='bbox 340 3439 415 3494; x_wconf 89' lang='lat' dir='ltr'><strong>Item</strong></span> <span class='ocrx_word' id='word_1_207' title='bbox 432 3439 594 3495; x_wconf 90' lang='lat' dir='ltr'><strong>conceditur</strong></span> <span class='ocrx_word' id='word_1_208' title='bbox 610 3439 701 3495; x_wconf 83' lang='lat' dir='ltr'><strong>eidem</strong></span> <span class='ocrx_word' id='word_1_209' title='bbox 719 3447 752 3494; x_wconf 84' lang='lat' dir='ltr'><strong>vt</strong></span> <span class='ocrx_word' id='word_1_210' title='bbox 769 3440 914 3512; x_wconf 86' lang='lat' dir='ltr'><strong>responsio</strong></span> <span class='ocrx_word' id='word_1_211' title='bbox 930 3439 1086 3510; x_wconf 86' lang='lat' dir='ltr'><strong>theologica</strong></span> <span class='ocrx_word' id='word_1_212' title='bbox 1102 3440 1138 3495; x_wconf 86' lang='lat' dir='ltr'><strong>ad</strong></span> <span class='ocrx_word' id='word_1_213' title='bbox 1156 3459 1242 3512; x_wconf 79' lang='lat' dir='ltr'><strong>quem</strong></span> <span class='ocrx_word' id='word_1_214' title='bbox 1259 3446 1372 3497; x_wconf 84' lang='lat' dir='ltr'><strong>tenetur</strong></span> <span class='ocrx_word' id='word_1_215' title='bbox 1387 3441 1498 3496; x_wconf 89' lang='lat' dir='ltr'><strong>racione</strong></span> 
     </span>
     <span class='ocr_line' id='line_1_26' title="bbox 410 3526 1498 3599; baseline 0.002 -17"><span class='ocrx_word' id='word_1_216' title='bbox 410 3527 513 3598; x_wconf 74' lang='lat' dir='ltr'><strong>gradus</strong></span> <span class='ocrx_word' id='word_1_217' title='bbox 524 3528 568 3582; x_wconf 91' lang='lat' dir='ltr'><strong>sui</strong></span> <span class='ocrx_word' id='word_1_218' title='bbox 581 3529 704 3598; x_wconf 89' lang='lat' dir='ltr'><strong>suscepti</strong></span> <span class='ocrx_word' id='word_1_219' title='bbox 717 3526 814 3582; x_wconf 88' lang='lat' dir='ltr'><strong>haberi</strong></span> <span class='ocrx_word' id='word_1_220' title='bbox 827 3528 917 3598; x_wconf 86' lang='lat' dir='ltr'><strong>possit</strong></span> <span class='ocrx_word' id='word_1_221' title='bbox 929 3528 958 3582; x_wconf 91' lang='lat' dir='ltr'><strong>in</strong></span> <span class='ocrx_word' id='word_1_222' title='bbox 971 3529 1124 3583; x_wconf 89' lang='lat' dir='ltr'><strong>commitiis</strong></span> <span class='ocrx_word' id='word_1_223' title='bbox 1136 3529 1271 3599; x_wconf 84' lang='lat' dir='ltr'><strong>proximis</strong></span> <span class='ocrx_word' id='word_1_224' title='bbox 1283 3532 1312 3583; x_wconf 88' lang='lat' dir='ltr'><strong>et</strong></span> <span class='ocrx_word' id='word_1_225' title='bbox 1323 3534 1382 3584; x_wconf 88' lang='lat' dir='ltr'><strong>stet</strong></span> <span class='ocrx_word' id='word_1_226' title='bbox 1396 3529 1421 3584; x_wconf 89' lang='lat' dir='ltr'><strong>ei</strong></span> <span class='ocrx_word' id='word_1_227' title='bbox 1437 3529 1498 3584; x_wconf 89' lang='lat' dir='ltr'><strong>loco</strong></span> 
     </span>
     <span class='ocr_line' id='line_1_27' title="bbox 411 3615 887 3688; baseline -0.004 -17"><span class='ocrx_word' id='word_1_228' title='bbox 411 3616 600 3687; x_wconf 88' lang='lat' dir='ltr'><strong>responsionis</strong></span> <span class='ocrx_word' id='word_1_229' title='bbox 612 3633 663 3670; x_wconf 89' lang='lat' dir='ltr'><strong>sue</strong></span> <span class='ocrx_word' id='word_1_230' title='bbox 698 3619 728 3670; x_wconf 87' lang='lat' dir='ltr'><strong>et</strong></span> <span class='ocrx_word' id='word_1_231' title='bbox 740 3615 887 3688; x_wconf 88' lang='lat' dir='ltr'><strong>respondit</strong></span> 
     </span>
    </p>

    <p class='ocr_par' dir='ltr' id='par_1_9' title="bbox 217 3696 1574 4041">
     <span class='ocr_line' id='line_1_28' title="bbox 217 3696 1574 3778; baseline 0.006 -24"><span class='ocrx_word' id='word_1_232' title='bbox 217 3696 239 3756; x_wconf 84' lang='lat' dir='ltr'><strong>f.</strong></span> <span class='ocrx_word' id='word_1_233' title='bbox 256 3699 294 3754; x_wconf 82' lang='lat'><strong>42</strong></span> <span class='ocrx_word' id='word_1_234' title='bbox 309 3717 327 3755; x_wconf 81' lang='lat' dir='ltr'><strong>a</strong></span> <span class='ocrx_word' id='word_1_235' title='bbox 341 3704 415 3760; x_wconf 85' lang='lat' dir='ltr'><strong>Item</strong></span> <span class='ocrx_word' id='word_1_236' title='bbox 432 3704 594 3759; x_wconf 88' lang='lat' dir='ltr'><strong>conceditur</strong></span> <span class='ocrx_word' id='word_1_237' title='bbox 606 3707 638 3758; x_wconf 86' lang='lat' dir='ltr'><strong>vt</strong></span> <span class='ocrx_word' id='word_1_238' title='bbox 653 3705 797 3776; x_wconf 88' lang='lat' dir='ltr'><strong>responsio</strong></span> <span class='ocrx_word' id='word_1_239' title='bbox 813 3703 969 3774; x_wconf 81' lang='lat' dir='ltr'><strong>theologica</strong></span> <span class='ocrx_word' id='word_1_240' title='bbox 985 3704 1019 3760; x_wconf 85' lang='lat' dir='ltr'><strong>sd</strong></span> <span class='ocrx_word' id='word_1_241' title='bbox 1033 3722 1120 3776; x_wconf 88' lang='lat' dir='ltr'><strong>quam</strong></span> <span class='ocrx_word' id='word_1_242' title='bbox 1135 3711 1249 3761; x_wconf 89' lang='lat' dir='ltr'><strong>tenetur</strong></span> <span class='ocrx_word' id='word_1_243' title='bbox 1261 3707 1393 3778; x_wconf 86' lang='lat' dir='ltr'><strong>magister</strong></span> <span class='ocrx_word' id='word_1_244' title='bbox 1405 3705 1498 3762; x_wconf 80' lang='lat' dir='ltr'><strong>Chris·</strong></span> <span class='ocrx_word' id='word_1_245' title='bbox 1572 3697 1574 3701; x_wconf 39' lang='lat'><strong>¹</strong></span> 
     </span>
     <span class='ocr_line' id='line_1_29' title="bbox 411 3791 1498 3865; baseline 0.002 -18"><span class='ocrx_word' id='word_1_246' title='bbox 411 3793 533 3847; x_wconf 84' lang='lat' dir='ltr'><strong>toserson</strong></span> <span class='ocrx_word' id='word_1_247' title='bbox 545 3791 685 3864; x_wconf 75' lang='lat' dir='ltr'><strong>prefectum</strong></span> <span class='ocrx_word' id='word_1_248' title='bbox 694 3791 801 3862; x_wconf 84' lang='lat' dir='ltr'><strong>collegii</strong></span> <span class='ocrx_word' id='word_1_249' title='bbox 811 3792 961 3847; x_wconf 87' lang='lat' dir='ltr'><strong>Trinitatis</strong></span> <span class='ocrx_word' id='word_1_250' title='bbox 969 3792 1075 3848; x_wconf 84' lang='lat' dir='ltr'><strong>differri</strong></span> <span class='ocrx_word' id='word_1_251' title='bbox 1085 3794 1174 3864; x_wconf 89' lang='lat' dir='ltr'><strong>possit</strong></span> <span class='ocrx_word' id='word_1_252' title='bbox 1183 3793 1213 3848; x_wconf 90' lang='lat' dir='ltr'><strong>in</strong></span> <span class='ocrx_word' id='word_1_253' title='bbox 1223 3795 1382 3865; x_wconf 84' lang='lat' dir='ltr'><strong>proximum</strong></span> <span class='ocrx_word' id='word_1_254' title='bbox 1391 3811 1498 3849; x_wconf 86' lang='lat' dir='ltr'><strong>annum</strong></span> 
     </span>
     <span class='ocr_line' id='line_1_30' title="bbox 411 3878 1498 3954; baseline 0.002 -20"><span class='ocrx_word' id='word_1_255' title='bbox 411 3881 543 3951; x_wconf 88' lang='lat' dir='ltr'><strong>quonism</strong></span> <span class='ocrx_word' id='word_1_256' title='bbox 557 3881 634 3950; x_wconf 86' lang='lat' dir='ltr'><strong>greri</strong></span> <span class='ocrx_word' id='word_1_257' title='bbox 648 3879 744 3935; x_wconf 89' lang='lat' dir='ltr'><strong>morbo</strong></span> <span class='ocrx_word' id='word_1_258' title='bbox 759 3897 816 3950; x_wconf 93' lang='lat' dir='ltr'><strong>quo</strong></span> <span class='ocrx_word' id='word_1_259' title='bbox 832 3881 889 3935; x_wconf 89' lang='lat' dir='ltr'><strong>iam</strong></span> <span class='ocrx_word' id='word_1_260' title='bbox 906 3878 1016 3935; x_wconf 83' lang='lat' dir='ltr'><strong>laborat</strong></span> <span class='ocrx_word' id='word_1_261' title='bbox 1028 3880 1190 3952; x_wconf 87' lang='lat' dir='ltr'><strong>prepeditus</strong></span> <span class='ocrx_word' id='word_1_262' title='bbox 1202 3881 1333 3952; x_wconf 85' lang='lat' dir='ltr'><strong>desperat</strong></span> <span class='ocrx_word' id='word_1_263' title='bbox 1344 3899 1375 3938; x_wconf 84' lang='lat' dir='ltr'><strong>ee</strong></span> <span class='ocrx_word' id='word_1_264' title='bbox 1386 3899 1498 3954; x_wconf 86' lang='lat' dir='ltr'><strong>respon·</strong></span> 
     </span>
     <span class='ocr_line' id='line_1_31' title="bbox 411 3969 951 4041; baseline 0 -17"><span class='ocrx_word' id='word_1_265' title='bbox 411 3970 477 4025; x_wconf 89' lang='lat' dir='ltr'><strong>dere</strong></span> <span class='ocrx_word' id='word_1_266' title='bbox 491 3987 571 4040; x_wconf 89' lang='lat' dir='ltr'><strong>posse</strong></span> <span class='ocrx_word' id='word_1_267' title='bbox 583 3969 655 4024; x_wconf 84' lang='lat' dir='ltr'><strong>citra</strong></span> <span class='ocrx_word' id='word_1_268' title='bbox 667 3970 811 4024; x_wconf 83' lang='lat' dir='ltr'><strong>commitis</strong></span> <span class='ocrx_word' id='word_1_269' title='bbox 823 3971 951 4041; x_wconf 82' lang='lat' dir='ltr'><strong>proxima</strong></span> 
     </span>
    </p>

    <p class='ocr_par' dir='ltr' id='par_1_10' title="bbox 342 4057 1501 4304">
     <span class='ocr_line' id='line_1_32' title="bbox 342 4057 1500 4131; baseline 0.003 -19"><span class='ocrx_word' id='word_1_270' title='bbox 342 4058 415 4113; x_wconf 84' lang='lat' dir='ltr'><strong>item</strong></span> <span class='ocrx_word' id='word_1_271' title='bbox 435 4057 597 4113; x_wconf 88' lang='lat' dir='ltr'><strong>conceditur</strong></span> <span class='ocrx_word' id='word_1_272' title='bbox 616 4059 749 4128; x_wconf 82' lang='lat' dir='ltr'><strong>magistro</strong></span> <span class='ocrx_word' id='word_1_273' title='bbox 769 4057 868 4112; x_wconf 90' lang='lat' dir='ltr'><strong>Rudde</strong></span> <span class='ocrx_word' id='word_1_274' title='bbox 885 4063 917 4112; x_wconf 86' lang='lat' dir='ltr'><strong>vt</strong></span> <span class='ocrx_word' id='word_1_275' title='bbox 935 4058 1079 4128; x_wconf 85' lang='lat' dir='ltr'><strong>responsio</strong></span> <span class='ocrx_word' id='word_1_276' title='bbox 1099 4074 1148 4129; x_wconf 90' lang='lat' dir='ltr'><strong>per</strong></span> <span class='ocrx_word' id='word_1_277' title='bbox 1167 4075 1232 4114; x_wconf 87' lang='lat' dir='ltr'><strong>eum</strong></span> <span class='ocrx_word' id='word_1_278' title='bbox 1252 4060 1323 4114; x_wconf 84' lang='lat' dir='ltr'><strong>citra</strong></span> <span class='ocrx_word' id='word_1_279' title='bbox 1342 4061 1500 4131; x_wconf 83' lang='lat' dir='ltr'><strong>proximum</strong></span> 
     </span>
     <span class='ocr_line' id='line_1_33' title="bbox 413 4143 1501 4219; baseline 0.004 -19"><span class='ocrx_word' id='word_1_280' title='bbox 413 4145 519 4200; x_wconf 86' lang='lat' dir='ltr'><strong>Pascha</strong></span> <span class='ocrx_word' id='word_1_281' title='bbox 530 4143 660 4199; x_wconf 86' lang='lat' dir='ltr'><strong>habenda</strong></span> <span class='ocrx_word' id='word_1_282' title='bbox 670 4149 787 4216; x_wconf 90' lang='lat' dir='ltr'><strong>propter</strong></span> <span class='ocrx_word' id='word_1_283' title='bbox 805 4149 967 4216; x_wconf 87' lang='lat' dir='ltr'><strong>susceptum</strong></span> <span class='ocrx_word' id='word_1_284' title='bbox 983 4144 1100 4215; x_wconf 79' lang='lat' dir='ltr'><strong>gradum</strong></span> <span class='ocrx_word' id='word_1_285' title='bbox 1119 4147 1253 4214; x_wconf 86' lang='lat' dir='ltr'><strong>quoniam</strong></span> <span class='ocrx_word' id='word_1_286' title='bbox 1270 4148 1295 4202; x_wconf 92' lang='lat' dir='ltr'><strong>is</strong></span> <span class='ocrx_word' id='word_1_287' title='bbox 1309 4148 1387 4219; x_wconf 85' lang='lat' dir='ltr'><strong>gravi</strong></span> <span class='ocrx_word' id='word_1_288' title='bbox 1404 4149 1501 4204; x_wconf 92' lang='lat' dir='ltr'><strong>morbo</strong></span> 
     </span>
     <span class='ocr_line' id='line_1_34' title="bbox 411 4233 1418 4304; baseline 0.004 -15"><span class='ocrx_word' id='word_1_289' title='bbox 411 4233 549 4290; x_wconf 83' lang='lat' dir='ltr'><strong>laboravit</strong></span> <span class='ocrx_word' id='word_1_290' title='bbox 561 4240 591 4287; x_wconf 91' lang='lat' dir='ltr'><strong>et</strong></span> <span class='ocrx_word' id='word_1_291' title='bbox 602 4233 695 4288; x_wconf 86' lang='lat' dir='ltr'><strong>adhuc</strong></span> <span class='ocrx_word' id='word_1_292' title='bbox 707 4233 816 4288; x_wconf 83' lang='lat' dir='ltr'><strong>laboret</strong></span> <span class='ocrx_word' id='word_1_293' title='bbox 829 4235 918 4304; x_wconf 89' lang='lat' dir='ltr'><strong>possit</strong></span> <span class='ocrx_word' id='word_1_294' title='bbox 930 4233 1034 4288; x_wconf 87' lang='lat' dir='ltr'><strong>differri</strong></span> <span class='ocrx_word' id='word_1_295' title='bbox 1047 4235 1076 4288; x_wconf 94' lang='lat' dir='ltr'><strong>in</strong></span> <span class='ocrx_word' id='word_1_296' title='bbox 1089 4240 1253 4304; x_wconf 89' lang='lat' dir='ltr'><strong>sequentem</strong></span> <span class='ocrx_word' id='word_1_297' title='bbox 1266 4237 1418 4293; x_wconf 84' lang='lat' dir='ltr'><strong>terminum</strong></span> 
     </span>
    </p>

    <p class='ocr_par' dir='ltr' id='par_1_11' title="bbox 342 4321 1504 4482">
     <span class='ocr_line' id='line_1_35' title="bbox 342 4321 1504 4394; baseline 0.004 -18"><span class='ocrx_word' id='word_1_298' title='bbox 342 4322 416 4378; x_wconf 85' lang='lat' dir='ltr'><strong>item</strong></span> <span class='ocrx_word' id='word_1_299' title='bbox 434 4321 598 4377; x_wconf 90' lang='lat' dir='ltr'><strong>conceditur</strong></span> <span class='ocrx_word' id='word_1_300' title='bbox 615 4321 750 4392; x_wconf 87' lang='lat' dir='ltr'><strong>magistro</strong></span> <span class='ocrx_word' id='word_1_301' title='bbox 767 4321 908 4392; x_wconf 87' lang='lat' dir='ltr'><strong>Tompson</strong></span> <span class='ocrx_word' id='word_1_302' title='bbox 926 4339 1016 4394; x_wconf 89' lang='lat' dir='ltr'><strong>nuper</strong></span> <span class='ocrx_word' id='word_1_303' title='bbox 1032 4323 1106 4376; x_wconf 91' lang='lat' dir='ltr'><strong>socio</strong></span> <span class='ocrx_word' id='word_1_304' title='bbox 1123 4322 1185 4378; x_wconf 89' lang='lat' dir='ltr'><strong>sule</strong></span> <span class='ocrx_word' id='word_1_305' title='bbox 1202 4323 1237 4378; x_wconf 89' lang='lat' dir='ltr'><strong>de</strong></span> <span class='ocrx_word' id='word_1_306' title='bbox 1254 4324 1335 4380; x_wconf 81' lang='lat' dir='ltr'><strong>Clare</strong></span> <span class='ocrx_word' id='word_1_307' title='bbox 1351 4331 1383 4380; x_wconf 90' lang='lat' dir='ltr'><strong>vt</strong></span> <span class='ocrx_word' id='word_1_308' title='bbox 1399 4325 1504 4381; x_wconf 87' lang='lat' dir='ltr'><strong>habent</strong></span> 
     </span>
     <span class='ocr_line' id='line_1_36' title="bbox 412 4409 1413 4482; baseline 0.003 -16"><span class='ocrx_word' id='word_1_309' title='bbox 412 4412 509 4466; x_wconf 75' lang='lat' dir='ltr'><strong>literas</strong></span> <span class='ocrx_word' id='word_1_310' title='bbox 520 4411 744 4465; x_wconf 72' lang='lat' dir='ltr'><strong>conuersationis</strong></span> <span class='ocrx_word' id='word_1_311' title='bbox 755 4415 785 4464; x_wconf 86' lang='lat' dir='ltr'><strong>et</strong></span> <span class='ocrx_word' id='word_1_312' title='bbox 796 4409 900 4481; x_wconf 80' lang='lat' dir='ltr'><strong>gradus</strong></span> <span class='ocrx_word' id='word_1_313' title='bbox 911 4410 1050 4481; x_wconf 71' lang='lat' dir='ltr'><strong>sigillatos</strong></span> <span class='ocrx_word' id='word_1_314' title='bbox 1061 4411 1152 4482; x_wconf 79' lang='lat' dir='ltr'><strong>sigillo</strong></span> <span class='ocrx_word' id='word_1_315' title='bbox 1164 4415 1258 4468; x_wconf 85' lang='lat' dir='ltr'><strong>vestro</strong></span> <span class='ocrx_word' id='word_1_316' title='bbox 1271 4415 1413 4469; x_wconf 88' lang='lat' dir='ltr'><strong>communi</strong></span> 
     </span>
    </p>
   </div>
   <div class='ocr_carea' id='block_1_6' title="bbox 0 0 1710 5116">
    <p class='ocr_par' dir='ltr' id='par_1_12' title="bbox 0 0 1710 5116">
     <span class='ocr_line' id='line_1_37' title="bbox 0 0 1710 5116; baseline 0 0"><span class='ocrx_word' id='word_1_317' title='bbox 0 0 1710 5116; x_wconf 95' lang='lat' dir='ltr'><strong> </strong></span> 
     </span>
    </p>
   </div>
  </div>
 </body>
</html>
