3378 5116
188 359 354 442 loss-55]
618 374 733 424 aneon
754 375 849 424 soon
872 377 894 424 e
1285 361 1348 426 103

187 525 262 581 Ibem
281 525 446 582 coneeditur
466 525 591 582 Johenni
609 525 759 583 Ooldwello
782 533 815 583 vt
841 531 874 582 12
897 528 1011 582 termini
1035 528 1167 599 completi
1192 528 1221 582 in
1245 527 1351 599 quibus

257 615 391 672 lectiones
409 615 565 672 ordinarius
582 633 633 688 per
649 617 783 673 meiorem
802 623 912 689 partem
930 617 960 672 in
977 621 1038 672 toto
1056 617 1167 673 audiuit
1182 634 1249 672 eum
1265 634 1349 688 oppo

257 703 409 760 sitionibus
420 708 450 760 11
462 703 691 775 responsionibus
703 704 782 760 iuxta
794 705 915 759 formam
927 704 1030 759 statuti
1048 703 1193 774 requisitis
1208 704 1350 759 sufficient

257 794 284 848 ei
295 793 333 849 ed
344 791 571 865 respondendum
583 793 728 864 questioni

187 881 263 937 Item
281 881 444 939 oonoeditur
461 882 569 937 Thome
586 881 702 952 Morgen
721 885 753 936 vt
772 885 805 936 12
824 881 938 936 termini
957 881 987 936 in
1005 880 1109 953 quibus
1126 880 1260 936 lectiones
1276 880 1350 935 ordi·

257 971 352 1026 nerias
374 969 486 1026 audiuit
510 970 577 1024 lioet
603 986 659 1022 111
684 968 799 1023 omnino
827 968 983 1024 seeundum
1010 970 1130 1024 formem
1154 969 1258 1023 statuti
1285 985 1350 1023 oum

258 1056 482 1129 oppositionibus
505 1061 535 1110 et
552 1053 780 1126 responsionibus
798 1055 943 1125 requisitis
963 1055 1106 1110 sufficiant
1124 1057 1150 1109 ei
1174 1054 1210 1111 ad
1229 1055 1353 1112 finaliter

258 1144 504 1200 determinandum
517 1161 581 1200 oum
600 1144 699 1198 oeteris
716 1141 800 1199 huius
812 1145 879 1199 anni
898 1143 1105 1198 beocheleureis
1141 1142 1188 1198 Ite
1199 1143 1274 1213 quod
1290 1144 1351 1199 eius

258 1232 380 1288 eruditio
392 1234 568 1288 examinetur
579 1238 608 1288 et
626 1231 798 1304 approbetur
813 1249 863 1304 per
875 1234 1048 1304 oppositores
1064 1232 1149 1288 huius
1163 1233 1232 1288 1111
1246 1238 1277 1288 11
1294 1237 1353 1288 stet

259 1323 289 1376 in
302 1322 409 1378 scholis
418 1339 468 1394 per
480 1321 617 1393 reliquam
629 1321 873 1392 quadragesimam

189 1407 265 1463 Item
288 1408 451 1464 eonoeditur
469 1408 595 1482 Jobanni
620 1407 763 1462 Hammon
788 1412 874 1463 vt12
898 1408 1013 1463 termini
1038 1408 1067 1462 in
1091 1407 1195 1478 quibus
1218 1407 1352 1464 lectiones

262 1497 417 1552 ordinarias
435 1496 547 1553 audiuit
564 1497 631 1552 lioet
649 1514 706 1552 non
722 1498 837 1552 omnino
855 1497 1009 1552 seeundum
1026 1497 1146 1553 formam
1166 1500 1268 1553 statuti
1287 1516 1352 1554 oum

262 1584 486 1656 oppositionibus
498 1589 528 1640 et
541 1583 769 1657 responsionibus
785 1585 929 1655 requisitis
945 1586 1087 1640 sufficiant
1100 1587 1126 1641 ei
1143 1603 1194 1657 pro
1206 1586 1353 1656 eompletis

260 1672 348 1743 grsdu
371 1677 401 1728 et
425 1673 515 1728 111111
533 1672 782 1728 beeohalaureetus
801 1673 830 1726 in
849 1671 959 1726 artibus
996 1672 1043 1727 111
1060 1673 1136 1742 quod
1153 1673 1215 1728 eius
1232 1673 1354 1728 eruditio

261 1760 437 1816 examinetur
448 1765 478 1816 et
490 1759 662 1832 approbetur
673 1778 723 1830 per
735 1760 910 1831 oppositores
927 1760 995 1814 1111
1014 1758 1101 1830 elapsi
1116 1765 1174 1815 stet
1187 1761 1216 1814 in
1233 1759 1353 1830 quadra-

261 1847 366 1917 gesima
378 1849 504 1918 proxima
516 1848 683 1902 conviuetur
695 1851 724 1902 et
736 1853 829 1902 oetera
841 1851 956 1918 peraget
969 1847 1047 1902 iurte
1060 1847 1179 1902 formam
1192 1847 1294 1903 statuti

475 2053 551 2108 Actu
569 2052 764 2108 baoohalaurei
783 2051 905 2106 termino
925 2050 1071 2106 Michaelis

582 2157 686 2213 Hulett
836 2156 966 2228 Oiowghe

243 2301 410 2367 Numerus
432 2300 736 2366 bacehslaureorum
761 2299 795 2363 in
819 2298 947 2365 artibus
970 2298 1064 2362 iuxta
1086 2297 1309 2363 senioritatem

319 2457 452 2512 ¹Browne
702 2455 823 2510 Mettum
1070 2451 1230 2524 Dawbeney

335 2545 439 2617 Whyte
702 2543 791 2598 Ruste
1069 2541 1274 2596 Hawkeshurst

336 2632 454 2704 Igulden
702 2629 846 2684 Stewerde
1069 2628 1173 2684 Warde

335 2721 477 2792 Tompson
703 2717 810 2790 Morley
1071 2717 1207 2773 Mai-shall

336 2809 440 2881 Blythe
703 2806 821 2880 Bryslep⁷
1071 2805 1247 2862 Landesdsle

336 2898 501 2971 Reymonde
703 2895 851 2951 Bamsdail
1071 2895 1193 2967 Puryfye

704 2982 840 3038 Debanke
1072 2983 1177 3055 Byrsm

703 3071 794 3143 Boyes
1071 3071 1198 3141 Hawghe

705 3159 862 3214 Woodoson
1072 3157 1187 3214 Calvert

703 3247 884 3302 Steokhowse
1072 3246 1211 3300 Howmen

704 3337 825 3408 Ryddnll
1072 3335 1196 3406 Godfrey

706 3424 824 3480 Hudson
1073 3422 1191 3494 Morgan

705 3512 835 3585 Woorley
1073 3512 1217 3568 Hammon

1371 3853 1390 3912 f.
1408 3852 1479 3910 411

601 3907 754 3995 Magistri
777 3908 810 3971 in
833 3905 961 3973 artibus

198 4075 234 4130 In
256 4073 355 4146 primis
375 4071 537 4128 oonoeditur
556 4069 672 4124 domino
690 4066 841 4123 Aoworthe
859 4069 892 4121 vt
909 4083 1010 4121 novem
1028 4066 1144 4121 termini
1162 4071 1229 4137 post
1246 4065 1359 4121 finalem

270 4163 331 4219 eius
354 4161 619 4218 determinationem
644 4158 674 4212 in
694 4155 799 4227 quibus
823 4155 957 4210 lectiones
981 4153 1137 4210 ordinaries
1160 4153 1271 4209 audiuit
1293 4154 1360 4209 lieet

271 4271 327 4307 non
348 4251 464 4307 omnino
485 4248 640 4305 seeundum
665 4247 785 4302 formam
807 4244 910 4299 statuti
932 4261 997 4299 oum
1018 4245 1112 4300 tribus
1132 4241 1361 4315 responsionibus

270 4341 414 4398 suffioiant
431 4339 457 4394 ei
475 4338 511 4393 ad
530 4335 723 4408 incipiendum
741 4335 771 4389 in
790 4333 901 4389 ertibus

249 4507 258 4540 ¹
275 4509 357 4560 These
369 4523 460 4560 names
470 4522 516 4558 are
529 4504 656 4568 anenged
667 4505 695 4554 in
707 4518 756 4554 one
767 4503 873 4553 oolumn
886 4501 962 4564 along
973 4500 1018 4552 the
1029 4501 1131 4552 bottom
1143 4501 1171 4552 11
1181 4502 1226 4553 the
1235 4517 1308 4567 pege.
