3378 5126
787 358 901 411 cason
923 360 1015 410 soon
1039 360 1061 409 a
1331 343 1501 432 [1587-88

682 801 913 867 Bacchalaurei
936 801 972 867 in
994 802 1161 890 theologia

343 990 512 1046 Conceditur
530 995 564 1046 1³
581 990 711 1047 Octobris
728 991 863 1063 magistro
881 990 1012 1047 Eleasaro
1031 991 1114 1046 Knox
1132 998 1164 1046 vt
1181 991 1309 1048 studium
1328 997 1344 1051 7
1360 1011 1500 1050 annorum

413 1077 442 1132 in
459 1078 598 1149 theologia
613 1083 763 1149 postquam
780 1079 884 1133 rexerit
900 1079 930 1133 in
946 1076 1055 1132 artibus
1070 1095 1134 1133 cum
1149 1078 1375 1150 opposicionibus
1386 1097 1501 1152 respon·

414 1165 540 1221 sionibus
560 1164 736 1220 sermonibus
756 1165 874 1237 aliisque
895 1165 1036 1221 exercitiis
1059 1183 1108 1236 per
1129 1171 1239 1222 statuta
1259 1169 1334 1237 regia
1355 1169 1502 1239 requisitis

412 1255 533 1310 sufficiat
550 1253 575 1308 ei
593 1259 653 1308 tam
671 1253 707 1308 ad
726 1253 923 1325 opponendum
940 1271 1026 1323 quam
1044 1253 1081 1307 ad
1099 1253 1262 1309 intrandum
1279 1255 1309 1309 in
1326 1273 1405 1310 sacra
1421 1257 1501 1312 theo-

412 1342 485 1412 logia
527 1339 633 1395 Eadem
645 1341 736 1411 gratia
747 1339 909 1395 conceditur
921 1344 956 1394 20
969 1339 1098 1395 Octobris
1113 1341 1255 1411 magistris
1273 1341 1379 1413 Rogero
1396 1343 1502 1398 Parker

413 1436 442 1485 st
458 1429 580 1484 Johanni
599 1427 704 1482 Barnes
747 1431 782 1484 29
800 1427 896 1482 Martii
913 1429 1048 1498 magistro
1064 1428 1196 1483 Christos.
1210 1427 1301 1484 Abbis
1344 1434 1391 1484 22⁰
1402 1432 1501 1487 Martii

414 1519 503 1574 mer.
527 1517 668 1571 Athsrton
719 1521 751 1570 14
772 1516 851 1570 Junii
877 1515 944 1572 Tho.
972 1517 1109 1571 Harrison
1133 1521 1163 1572 et
1187 1517 1256 1574 Tho.
1280 1517 1406 1573 Osborne
1430 1520 1500 1576 Tho.

415 1606 539 1663 Leonard

721 1995 877 2060 Doctores
900 1995 934 2059 in
958 1994 1121 2080 theologia

342 2182 511 2238 Conceditur
529 2187 563 2239 29
582 2183 678 2238 Martii
701 2185 835 2254 magistro
852 2184 973 2238 Jercmie
995 2183 1118 2238 decliff
1131 2191 1163 2239 vt
1181 2183 1308 2239 studium
1327 2187 1342 2241 7
1361 2201 1501 2239 annorum

412 2273 442 2326 in
459 2289 537 2326 sacra
553 2271 692 2342 theologia
708 2277 773 2343 post
788 2271 905 2342 gradum
923 2271 1171 2327 bacchalaureatus
1185 2272 1215 2326 in
1227 2271 1324 2327 eadem
1336 2278 1502 2342 susceptum

413 2379 477 2416 curn
493 2361 720 2432 opposicionibus
736 2361 962 2433 responsionibus
979 2359 1155 2416 sermonibus
1169 2361 1287 2432 aliisque
1301 2361 1440 2416 exercitiis
1452 2379 1503 2432 per

412 2454 522 2506 statuta
538 2451 613 2520 regia
628 2450 772 2520 requisitis
788 2451 909 2504 sufficiat
924 2450 950 2505 ei
966 2449 1002 2504 ed
1020 2449 1210 2520 incipiendum
1226 2451 1256 2504 in
1271 2467 1350 2506 sacra
1362 2450 1503 2520 theologia

413 2539 519 2596 Eadem
539 2539 630 2610 gratia
651 2539 812 2594 conceditur
832 2543 879 2594 22⁰
898 2539 994 2594 Martii
1014 2539 1149 2610 magistro
1171 2539 1247 2596 Edw.
1267 2540 1358 2593 Orant
1375 2538 1425 2609 qui
1444 2556 1501 2593 non

412 2628 569 2698 acceptavit
580 2628 701 2698 gratiam
712 2633 743 2682 et
755 2627 817 2682 ideo
829 2645 887 2682 xxa
900 2628 1036 2683 forisfacti
1080 2629 1246 2698 subscripsit
1258 2629 1392 2700 magister
1404 2625 1504 2682 doctor

415 2716 557 2770 Whitacre

474 3139 596 3206 Gratiae
618 3139 685 3205 sive
708 3139 886 3226 peticiones
909 3161 972 3203 non
996 3147 1229 3204 concernentes
1250 3139 1372 3227 gradus

342 3337 511 3394 Conceditur
536 3339 569 3391 10
590 3335 720 3392 Octobris
743 3339 810 3392 1587
856 3336 928 3392 Cum
951 3342 1090 3392 oratorem
1118 3341 1244 3392 veebum
1264 3337 1346 3408 plura
1367 3345 1504 3396 maneant

412 3425 525 3495 negocia
548 3425 615 3479 loris
639 3422 820 3495 transigenda
844 3441 930 3494 quam
954 3441 1010 3494 que
1034 3425 1122 3479 trium
1148 3425 1287 3480 mensium
1311 3426 1404 3498 spatio
1427 3435 1504 3484 recte

412 3514 595 3570 absolvantur
610 3531 662 3568 nec
677 3513 788 3584 longius
804 3518 899 3568 tamen
917 3513 943 3568 ei
960 3512 997 3568 ab
1013 3511 1156 3568 academia
1172 3513 1289 3584 singulis
1305 3515 1388 3570 annis
1404 3515 1504 3572 abesse

412 3603 496 3657 liceat
512 3601 566 3656 nisi
579 3599 733 3656 uberiorem
747 3600 859 3655 veniam
871 3617 888 3654 a
901 3598 980 3654 vobis
996 3600 1191 3671 impetraverit
1207 3600 1299 3670 placet
1311 3601 1390 3656 vobis
1402 3607 1435 3657 vt
1451 3620 1503 3673 pro

412 3709 486 3746 anno
507 3691 604 3746 hrturo
621 3689 657 3744 ed
679 3690 783 3744 fastum
806 3689 897 3744 sancti
919 3689 1066 3744 Michaelis
1087 3689 1213 3760 proxime
1230 3691 1374 3760 sequentis
1391 3693 1504 3763 quoties

412 3779 524 3850 negocia
541 3795 592 3834 sua
607 3777 814 3849 postulaverint
830 3777 913 3832 liceat
929 3777 955 3832 ei
972 3775 1046 3831 bona
1061 3781 1156 3832 vestra
1172 3793 1236 3831 cum
1251 3776 1333 3832 venia
1348 3776 1445 3834 abesse
1462 3780 1504 3834 sic

411 3872 444 3923 vt
455 3867 566 3922 veniam
582 3867 714 3938 impetret
726 3882 743 3920 a
755 3864 869 3920 domino
886 3863 1102 3936 proeancellario
1118 3869 1148 3918 et
1165 3863 1295 3919 idoneum
1312 3863 1502 3922 substitutum

411 3975 462 4013 suo
474 3957 535 4012 loco
547 3955 671 4011 iuratum
684 3955 827 4026 relinquat

199 4053 216 4112 f.
236 4052 292 4110 156
308 4045 510 4109 bOonoeditur
532 4046 566 4098 10
585 4041 716 4099 Octobris
736 4042 871 4114 magistro
894 4041 1026 4097 Michaeli
1049 4039 1161 4096 Rabbet
1181 4059 1258 4096 sacre
1280 4040 1417 4112 theologie
1438 4041 1502 4098 bac-

410 4134 558 4190 chalaureo
582 4139 613 4188 vt
640 4132 679 4187 sit
705 4149 777 4187 vnus
800 4149 833 4187 ex
858 4130 1005 4186 duodecim
1032 4129 1255 4202 predicatoribus
1278 4129 1331 4185 hoc
1354 4149 1429 4187 anno
1453 4151 1503 4204 per

342 4251 345 4258 ·
410 4221 583 4278 academiam
604 4217 769 4275 emittendis
790 4218 830 4273 sic
852 4223 884 4272 vt
905 4235 991 4289 super
1014 4216 1066 4272 hac
1087 4218 1266 4273 concessione
1288 4223 1383 4273 vestra
1406 4219 1503 4277 literae

411 4311 514 4367 haheat
530 4307 734 4365 testimoniales
748 4306 886 4378 sigillatas
898 4305 989 4377 sigillo
1001 4312 1095 4361 vestro
1108 4306 1252 4360 communi
1288 4305 1395 4362 Eadem
1410 4311 1503 4379 gratia

410 4397 573 4458 conceditur
597 4394 694 4451 eodem
721 4395 844 4451 Henrico
873 4395 948 4450 Ruse
997 4399 1031 4453 27
1056 4391 1188 4449 Octobris
1213 4395 1319 4465 Rogero
1345 4395 1449 4453 Perker
1472 4399 1503 4452 in
