<?xml version="1.0" encoding="UTF-8"?>
<!DOCTYPE html PUBLIC "-//W3C//DTD XHTML 1.0 Transitional//EN"
    "http://www.w3.org/TR/xhtml1/DTD/xhtml1-transitional.dtd">
<html xmlns="http://www.w3.org/1999/xhtml" xml:lang="en" lang="en">
 <head>
  <title>
</title>
<meta http-equiv="Content-Type" content="text/html;charset=utf-8" />
  <meta name='ocr-system' content='tesseract 3.04.00' />
  <meta name='ocr-capabilities' content='ocr_page ocr_carea ocr_par ocr_line ocrx_word'/>
</head>
<body>
  <div class='ocr_page' id='page_1' title='image "./gracebookgreekl00venngoog_0109.png"; bbox 0 0 3376 5108; ppageno 0'>
   <div class='ocr_carea' id='block_1_1' title="bbox 779 349 1491 435">
    <p class='ocr_par' dir='ltr' id='par_1_1' title="bbox 779 349 1491 435">
     <span class='ocr_line' id='line_1_1' title="bbox 779 349 1491 435; baseline 0.003 -23"><span class='ocrx_word' id='word_1_1' title='bbox 779 364 893 413; x_wconf 80' lang='lat' dir='ltr'>osscs</span> <span class='ocrx_word' id='word_1_2' title='bbox 915 365 1008 413; x_wconf 83' lang='lat' dir='ltr'>soon</span> <span class='ocrx_word' id='word_1_3' title='bbox 1031 366 1054 413; x_wconf 73' lang='lat' dir='ltr'>s</span> <span class='ocrx_word' id='word_1_4' title='bbox 1325 349 1491 435; x_wconf 79' lang='lat'>[1551-52</span> 
     </span>
    </p>
   </div>
   <div class='ocr_carea' id='block_1_2' title="bbox 790 927 1036 1014">
    <p class='ocr_par' dir='ltr' id='par_1_2' title="bbox 790 927 1036 1014">
     <span class='ocr_line' id='line_1_2' title="bbox 790 927 1036 1014; baseline 0.008 -22"><span class='ocrx_word' id='word_1_5' title='bbox 790 927 1036 1014; x_wconf 79' lang='lat'>[1551-1552]</span> 
     </span>
    </p>
   </div>
   <div class='ocr_carea' id='block_1_3' title="bbox 214 1194 1489 1295">
    <p class='ocr_par' dir='ltr' id='par_1_3' title="bbox 214 1194 1489 1295">
     <span class='ocr_line' id='line_1_3' title="bbox 214 1194 1489 1295; baseline 0.009 -34"><span class='ocrx_word' id='word_1_6' title='bbox 214 1194 235 1256; x_wconf 82' lang='lat' dir='ltr'>f.</span> <span class='ocrx_word' id='word_1_7' title='bbox 253 1197 286 1253; x_wconf 85' lang='grc'>31</span> <span class='ocrx_word' id='word_1_8' title='bbox 305 1199 449 1264; x_wconf 65' lang='grc' dir='ltr'>αΟταιίε</span> <span class='ocrx_word' id='word_1_9' title='bbox 469 1199 539 1264; x_wconf 89' lang='lat' dir='ltr'>siue</span> <span class='ocrx_word' id='word_1_10' title='bbox 559 1201 736 1287; x_wconf 82' lang='lat' dir='ltr'>petitiones</span> <span class='ocrx_word' id='word_1_11' title='bbox 755 1223 904 1267; x_wconf 86' lang='lat' dir='ltr'>concesse</span> <span class='ocrx_word' id='word_1_12' title='bbox 923 1203 959 1267; x_wconf 93' lang='lat' dir='ltr'>in</span> <span class='ocrx_word' id='word_1_13' title='bbox 979 1203 1076 1289; x_wconf 84' lang='lat' dir='ltr'>plene</span> <span class='ocrx_word' id='word_1_14' title='bbox 1096 1207 1345 1292; x_wconf 75' lang='lat' dir='ltr'>congregatione</span> <span class='ocrx_word' id='word_1_15' title='bbox 1362 1207 1489 1295; x_wconf 85' lang='lat' dir='ltr'>Regen-</span> 
     </span>
    </p>
   </div>
   <div class='ocr_carea' id='block_1_4' title="bbox 421 1303 1490 1608">
    <p class='ocr_par' dir='ltr' id='par_1_4' title="bbox 421 1303 1490 1608">
     <span class='ocr_line' id='line_1_4' title="bbox 423 1303 1490 1398; baseline 0.009 -31"><span class='ocrx_word' id='word_1_16' title='bbox 423 1303 506 1368; x_wconf 89' lang='lat' dir='ltr'>tinm</span> <span class='ocrx_word' id='word_1_17' title='bbox 519 1311 554 1369; x_wconf 91' lang='lat' dir='ltr'>et</span> <span class='ocrx_word' id='word_1_18' title='bbox 564 1325 629 1370; x_wconf 91' lang='lat' dir='ltr'>non</span> <span class='ocrx_word' id='word_1_19' title='bbox 641 1303 871 1392; x_wconf 86' lang='lat' dir='ltr'>[Regentium]</span> <span class='ocrx_word' id='word_1_20' title='bbox 882 1328 903 1372; x_wconf 86' lang='lat' dir='ltr'>s</span> <span class='ocrx_word' id='word_1_21' title='bbox 914 1308 996 1372; x_wconf 80' lang='lat' dir='ltr'>festo</span> <span class='ocrx_word' id='word_1_22' title='bbox 1006 1309 1112 1374; x_wconf 83' lang='lat' dir='ltr'>suncti</span> <span class='ocrx_word' id='word_1_23' title='bbox 1124 1309 1295 1376; x_wconf 79' lang='lat' dir='ltr'>Michaelis</span> <span class='ocrx_word' id='word_1_24' title='bbox 1305 1311 1490 1398; x_wconf 80' lang='lat' dir='ltr'>archangeli</span> 
     </span>
     <span class='ocr_line' id='line_1_5' title="bbox 422 1407 1489 1502; baseline 0.007 -29"><span class='ocrx_word' id='word_1_25' title='bbox 422 1430 508 1474; x_wconf 81' lang='lat' dir='ltr'>anno</span> <span class='ocrx_word' id='word_1_26' title='bbox 522 1407 645 1474; x_wconf 90' lang='lat' dir='ltr'>domini</span> <span class='ocrx_word' id='word_1_27' title='bbox 662 1412 762 1475; x_wconf 80' lang='lat'>15510</span> <span class='ocrx_word' id='word_1_28' title='bbox 777 1432 877 1498; x_wconf 81' lang='lat' dir='ltr'>voque</span> <span class='ocrx_word' id='word_1_29' title='bbox 891 1411 932 1478; x_wconf 83' lang='lat' dir='ltr'>sd</span> <span class='ocrx_word' id='word_1_30' title='bbox 953 1413 1052 1479; x_wconf 89' lang='lat' dir='ltr'>iidem</span> <span class='ocrx_word' id='word_1_31' title='bbox 1074 1414 1194 1480; x_wconf 80' lang='lat' dir='ltr'>festum</span> <span class='ocrx_word' id='word_1_32' title='bbox 1210 1424 1330 1481; x_wconf 86' lang='lat' dir='ltr'>extunc</span> <span class='ocrx_word' id='word_1_33' title='bbox 1344 1415 1489 1502; x_wconf 85' lang='lat' dir='ltr'>proxime</span> 
     </span>
     <span class='ocr_line' id='line_1_6' title="bbox 421 1515 1490 1608; baseline 0.009 -30"><span class='ocrx_word' id='word_1_34' title='bbox 421 1535 559 1602; x_wconf 88' lang='lat' dir='ltr'>sequens</span> <span class='ocrx_word' id='word_1_35' title='bbox 617 1515 750 1582; x_wconf 82' lang='lat' dir='ltr'>Andres</span> <span class='ocrx_word' id='word_1_36' title='bbox 776 1517 879 1583; x_wconf 89' lang='lat' dir='ltr'>Perne</span> <span class='ocrx_word' id='word_1_37' title='bbox 905 1541 994 1584; x_wconf 89' lang='lat' dir='ltr'>ssore</span> <span class='ocrx_word' id='word_1_38' title='bbox 1024 1520 1186 1608; x_wconf 83' lang='lat' dir='ltr'>theologie</span> <span class='ocrx_word' id='word_1_39' title='bbox 1210 1523 1386 1608; x_wconf 80' lang='lat' dir='ltr'>professore</span> <span class='ocrx_word' id='word_1_40' title='bbox 1410 1531 1490 1588; x_wconf 86' lang='lat' dir='ltr'>tunc</span> 
     </span>
    </p>
   </div>
   <div class='ocr_carea' id='block_1_5' title="bbox 422 1620 1490 1812">
    <p class='ocr_par' dir='ltr' id='par_1_5' title="bbox 422 1620 1490 1812">
     <span class='ocr_line' id='line_1_7' title="bbox 422 1620 1490 1714; baseline 0.007 -30"><span class='ocrx_word' id='word_1_41' title='bbox 422 1620 669 1704; x_wconf 83' lang='lat' dir='ltr'>procencellcn‘o</span> <span class='ocrx_word' id='word_1_42' title='bbox 713 1631 748 1687; x_wconf 91' lang='lat' dir='ltr'>et</span> <span class='ocrx_word' id='word_1_43' title='bbox 789 1623 953 1708; x_wconf 76' lang='lat' dir='ltr'>magistris</span> <span class='ocrx_word' id='word_1_44' title='bbox 998 1625 1169 1714; x_wconf 88' lang='lat' dir='ltr'>Rodolpho</span> <span class='ocrx_word' id='word_1_45' title='bbox 1212 1627 1413 1714; x_wconf 81' lang='lat' dir='ltr'>Stsndyssbe</span> <span class='ocrx_word' id='word_1_46' title='bbox 1455 1637 1490 1692; x_wconf 88' lang='lat' dir='ltr'>et</span> 
     </span>
     <span class='ocr_line' id='line_1_8' title="bbox 422 1722 1012 1812; baseline 0.008 -24"><span class='ocrx_word' id='word_1_47' title='bbox 422 1722 587 1788; x_wconf 89' lang='lat' dir='ltr'>Willelmo</span> <span class='ocrx_word' id='word_1_48' title='bbox 611 1722 723 1811; x_wconf 86' lang='lat' dir='ltr'>Oonye</span> <span class='ocrx_word' id='word_1_49' title='bbox 748 1726 1012 1812; x_wconf 82' lang='lat' dir='ltr'>procuratoribus</span> 
     </span>
    </p>
   </div>
   <div class='ocr_carea' id='block_1_6' title="bbox 696 1978 1133 2049">
    <p class='ocr_par' dir='ltr' id='par_1_6' title="bbox 696 1978 1133 2049">
     <span class='ocr_line' id='line_1_9' title="bbox 696 1978 1133 2049; baseline 0.011 -6"><span class='ocrx_word' id='word_1_50' title='bbox 696 1978 927 2048; x_wconf 82' lang='lat' dir='ltr'>Beccbnleurei</span> <span class='ocrx_word' id='word_1_51' title='bbox 949 1981 984 2047; x_wconf 94' lang='lat' dir='ltr'>in</span> <span class='ocrx_word' id='word_1_52' title='bbox 1006 1982 1133 2049; x_wconf 82' lang='lat' dir='ltr'>artibus</span> 
     </span>
    </p>
   </div>
   <div class='ocr_carea' id='block_1_7' title="bbox 332 2193 1490 4468">
    <p class='ocr_par' dir='ltr' id='par_1_7' title="bbox 335 2193 1490 2621">
     <span class='ocr_line' id='line_1_10' title="bbox 335 2193 1490 2271; baseline 0.004 -23"><span class='ocrx_word' id='word_1_53' title='bbox 335 2194 369 2248; x_wconf 92' lang='lat' dir='ltr'>In</span> <span class='ocrx_word' id='word_1_54' title='bbox 386 2194 486 2266; x_wconf 80' lang='lat' dir='ltr'>pslmis</span> <span class='ocrx_word' id='word_1_55' title='bbox 501 2193 664 2250; x_wconf 85' lang='lat' dir='ltr'>conceditur</span> <span class='ocrx_word' id='word_1_56' title='bbox 680 2196 805 2252; x_wconf 85' lang='lat' dir='ltr'>Msrtino</span> <span class='ocrx_word' id='word_1_57' title='bbox 821 2196 922 2253; x_wconf 84' lang='lat' dir='ltr'>Brome</span> <span class='ocrx_word' id='word_1_58' title='bbox 938 2215 1027 2271; x_wconf 89' lang='lat' dir='ltr'>nuper</span> <span class='ocrx_word' id='word_1_59' title='bbox 1042 2201 1206 2255; x_wconf 77' lang='lat' dir='ltr'>amanuensi</span> <span class='ocrx_word' id='word_1_60' title='bbox 1223 2199 1329 2254; x_wconf 89' lang='lat' dir='ltr'>domini</span> <span class='ocrx_word' id='word_1_61' title='bbox 1345 2198 1446 2255; x_wconf 85' lang='lat' dir='ltr'>Buoeri</span> <span class='ocrx_word' id='word_1_62' title='bbox 1458 2203 1490 2253; x_wconf 88' lang='lat' dir='ltr'>vt</span> 
     </span>
     <span class='ocr_line' id='line_1_11' title="bbox 406 2282 1490 2358; baseline 0.005 -22"><span class='ocrx_word' id='word_1_63' title='bbox 406 2282 561 2338; x_wconf 68' lang='lat' dir='ltr'>letemini</span> <span class='ocrx_word' id='word_1_64' title='bbox 574 2283 706 2355; x_wconf 90' lang='lat' dir='ltr'>completi</span> <span class='ocrx_word' id='word_1_65' title='bbox 719 2284 803 2339; x_wconf 87' lang='lat' dir='ltr'>hicet</span> <span class='ocrx_word' id='word_1_66' title='bbox 814 2285 844 2340; x_wconf 86' lang='lat' dir='ltr'>irr</span> <span class='ocrx_word' id='word_1_67' title='bbox 854 2285 983 2356; x_wconf 81' lang='lat' dir='ltr'>pertibus</span> <span class='ocrx_word' id='word_1_68' title='bbox 995 2288 1192 2343; x_wconf 78' lang='lat' dir='ltr'>transmarinis</span> <span class='ocrx_word' id='word_1_69' title='bbox 1204 2288 1346 2358; x_wconf 88' lang='lat' dir='ltr'>inquibus</span> <span class='ocrx_word' id='word_1_70' title='bbox 1357 2287 1490 2343; x_wconf 87' lang='lat' dir='ltr'>lectiones</span> 
     </span>
     <span class='ocr_line' id='line_1_12' title="bbox 404 2371 1489 2432; baseline 0.004 -7"><span class='ocrx_word' id='word_1_71' title='bbox 404 2371 558 2426; x_wconf 77' lang='lat' dir='ltr'>ordinarios</span> <span class='ocrx_word' id='word_1_72' title='bbox 575 2372 687 2428; x_wconf 80' lang='lat' dir='ltr'>audiuit</span> <span class='ocrx_word' id='word_1_73' title='bbox 704 2373 771 2428; x_wconf 88' lang='lat' dir='ltr'>licet</span> <span class='ocrx_word' id='word_1_74' title='bbox 788 2391 846 2430; x_wconf 90' lang='lat' dir='ltr'>non</span> <span class='ocrx_word' id='word_1_75' title='bbox 863 2375 978 2430; x_wconf 90' lang='lat' dir='ltr'>omnino</span> <span class='ocrx_word' id='word_1_76' title='bbox 995 2376 1150 2432; x_wconf 88' lang='lat' dir='ltr'>secundnm</span> <span class='ocrx_word' id='word_1_77' title='bbox 1168 2376 1286 2432; x_wconf 82' lang='lat' dir='ltr'>formem</span> <span class='ocrx_word' id='word_1_78' title='bbox 1304 2375 1406 2431; x_wconf 81' lang='lat' dir='ltr'>statuti</span> <span class='ocrx_word' id='word_1_79' title='bbox 1424 2391 1489 2430; x_wconf 85' lang='lat' dir='ltr'>cum</span> 
     </span>
     <span class='ocr_line' id='line_1_13' title="bbox 403 2457 1489 2535; baseline 0.004 -23"><span class='ocrx_word' id='word_1_80' title='bbox 403 2457 627 2530; x_wconf 87' lang='lat' dir='ltr'>oppositionibus</span> <span class='ocrx_word' id='word_1_81' title='bbox 650 2460 878 2531; x_wconf 80' lang='lat' dir='ltr'>responsionibus</span> <span class='ocrx_word' id='word_1_82' title='bbox 902 2466 932 2517; x_wconf 91' lang='lat' dir='ltr'>et</span> <span class='ocrx_word' id='word_1_83' title='bbox 955 2462 1019 2518; x_wconf 80' lang='lat' dir='ltr'>eliis</span> <span class='ocrx_word' id='word_1_84' title='bbox 1041 2464 1181 2519; x_wconf 85' lang='lat' dir='ltr'>exercitiis</span> <span class='ocrx_word' id='word_1_85' title='bbox 1205 2481 1255 2535; x_wconf 89' lang='lat' dir='ltr'>per</span> <span class='ocrx_word' id='word_1_86' title='bbox 1278 2463 1353 2534; x_wconf 80' lang='lat' dir='ltr'>regie</span> <span class='ocrx_word' id='word_1_87' title='bbox 1379 2466 1489 2517; x_wconf 79' lang='lat' dir='ltr'>statute</span> 
     </span>
     <span class='ocr_line' id='line_1_14' title="bbox 403 2546 1203 2621; baseline 0.008 -22"><span class='ocrx_word' id='word_1_88' title='bbox 403 2546 546 2617; x_wconf 83' lang='lat' dir='ltr'>requisitis</span> <span class='ocrx_word' id='word_1_89' title='bbox 563 2546 704 2601; x_wconf 82' lang='lat' dir='ltr'>sufficient</span> <span class='ocrx_word' id='word_1_90' title='bbox 722 2547 747 2602; x_wconf 90' lang='lat' dir='ltr'>ei</span> <span class='ocrx_word' id='word_1_91' title='bbox 764 2547 801 2602; x_wconf 78' lang='lat' dir='ltr'>sd</span> <span class='ocrx_word' id='word_1_92' title='bbox 820 2549 1044 2620; x_wconf 80' lang='lat' dir='ltr'>respondendum</span> <span class='ocrx_word' id='word_1_93' title='bbox 1061 2551 1203 2621; x_wconf 87' lang='lat' dir='ltr'>questioni</span> 
     </span>
    </p>

    <p class='ocr_par' dir='ltr' id='par_1_8' title="bbox 334 2633 1489 2972">
     <span class='ocr_line' id='line_1_15' title="bbox 334 2633 1489 2709; baseline 0.003 -21"><span class='ocrx_word' id='word_1_94' title='bbox 334 2633 407 2688; x_wconf 84' lang='lat' dir='ltr'>item</span> <span class='ocrx_word' id='word_1_95' title='bbox 431 2633 593 2690; x_wconf 88' lang='lat' dir='ltr'>conceditur</span> <span class='ocrx_word' id='word_1_96' title='bbox 617 2633 756 2690; x_wconf 89' lang='lat' dir='ltr'>Willelmo</span> <span class='ocrx_word' id='word_1_97' title='bbox 783 2636 894 2691; x_wconf 76' lang='lat' dir='ltr'>Smerte</span> <span class='ocrx_word' id='word_1_98' title='bbox 918 2639 951 2690; x_wconf 89' lang='lat' dir='ltr'>vt</span> <span class='ocrx_word' id='word_1_99' title='bbox 978 2641 1011 2691; x_wconf 81' lang='lat'>12</span> <span class='ocrx_word' id='word_1_100' title='bbox 1036 2638 1150 2693; x_wconf 85' lang='lat' dir='ltr'>termini</span> <span class='ocrx_word' id='word_1_101' title='bbox 1173 2637 1304 2709; x_wconf 91' lang='lat' dir='ltr'>completi</span> <span class='ocrx_word' id='word_1_102' title='bbox 1330 2635 1489 2707; x_wconf 87' lang='lat' dir='ltr'>inquibus</span> 
     </span>
     <span class='ocr_line' id='line_1_16' title="bbox 403 2720 1488 2780; baseline 0.004 -5"><span class='ocrx_word' id='word_1_103' title='bbox 403 2720 536 2776; x_wconf 89' lang='lat' dir='ltr'>lectiones</span> <span class='ocrx_word' id='word_1_104' title='bbox 560 2721 715 2777; x_wconf 80' lang='lat' dir='ltr'>ordinaries</span> <span class='ocrx_word' id='word_1_105' title='bbox 738 2722 850 2778; x_wconf 80' lang='lat' dir='ltr'>audiuit</span> <span class='ocrx_word' id='word_1_106' title='bbox 873 2722 940 2778; x_wconf 89' lang='lat' dir='ltr'>licet</span> <span class='ocrx_word' id='word_1_107' title='bbox 969 2741 1026 2778; x_wconf 89' lang='lat' dir='ltr'>nou</span> <span class='ocrx_word' id='word_1_108' title='bbox 1049 2724 1164 2779; x_wconf 87' lang='lat' dir='ltr'>omniuo</span> <span class='ocrx_word' id='word_1_109' title='bbox 1187 2725 1340 2780; x_wconf 88' lang='lat' dir='ltr'>secundum</span> <span class='ocrx_word' id='word_1_110' title='bbox 1369 2725 1488 2779; x_wconf 82' lang='lat' dir='ltr'>formem</span> 
     </span>
     <span class='ocr_line' id='line_1_17' title="bbox 403 2810 1489 2886; baseline 0.001 -21"><span class='ocrx_word' id='word_1_111' title='bbox 403 2811 505 2866; x_wconf 70' lang='lat' dir='ltr'>statuti</span> <span class='ocrx_word' id='word_1_112' title='bbox 518 2827 582 2865; x_wconf 89' lang='lat' dir='ltr'>cum</span> <span class='ocrx_word' id='word_1_113' title='bbox 594 2810 818 2883; x_wconf 89' lang='lat' dir='ltr'>oppositionibus</span> <span class='ocrx_word' id='word_1_114' title='bbox 834 2811 1063 2883; x_wconf 82' lang='lat' dir='ltr'>responsionibus</span> <span class='ocrx_word' id='word_1_115' title='bbox 1079 2819 1109 2867; x_wconf 89' lang='lat' dir='ltr'>et</span> <span class='ocrx_word' id='word_1_116' title='bbox 1125 2813 1188 2868; x_wconf 82' lang='lat' dir='ltr'>uliis</span> <span class='ocrx_word' id='word_1_117' title='bbox 1203 2814 1342 2869; x_wconf 85' lang='lat' dir='ltr'>exercitiis</span> <span class='ocrx_word' id='word_1_118' title='bbox 1353 2831 1404 2886; x_wconf 90' lang='lat' dir='ltr'>per</span> <span class='ocrx_word' id='word_1_119' title='bbox 1414 2813 1489 2884; x_wconf 78' lang='lat' dir='ltr'>regia</span> 
     </span>
     <span class='ocr_line' id='line_1_18' title="bbox 402 2899 1296 2972; baseline 0.002 -18"><span class='ocrx_word' id='word_1_120' title='bbox 402 2903 513 2954; x_wconf 75' lang='lat' dir='ltr'>statute</span> <span class='ocrx_word' id='word_1_121' title='bbox 524 2899 668 2970; x_wconf 86' lang='lat' dir='ltr'>requisitis</span> <span class='ocrx_word' id='word_1_122' title='bbox 679 2900 821 2956; x_wconf 79' lang='lat' dir='ltr'>sufficient</span> <span class='ocrx_word' id='word_1_123' title='bbox 832 2901 858 2955; x_wconf 89' lang='lat' dir='ltr'>ei</span> <span class='ocrx_word' id='word_1_124' title='bbox 870 2901 906 2956; x_wconf 90' lang='lat' dir='ltr'>sd</span> <span class='ocrx_word' id='word_1_125' title='bbox 918 2900 1143 2972; x_wconf 85' lang='lat' dir='ltr'>respondendum</span> <span class='ocrx_word' id='word_1_126' title='bbox 1156 2902 1296 2972; x_wconf 90' lang='lat' dir='ltr'>questioni</span> 
     </span>
    </p>

    <p class='ocr_par' dir='ltr' id='par_1_9' title="bbox 334 2987 1490 3324">
     <span class='ocr_line' id='line_1_19' title="bbox 334 2987 1490 3061; baseline 0.002 -19"><span class='ocrx_word' id='word_1_127' title='bbox 334 2989 407 3044; x_wconf 87' lang='lat' dir='ltr'>Item</span> <span class='ocrx_word' id='word_1_128' title='bbox 429 2987 592 3043; x_wconf 87' lang='lat' dir='ltr'>conceditur</span> <span class='ocrx_word' id='word_1_129' title='bbox 613 2987 752 3043; x_wconf 81' lang='lat' dir='ltr'>Richardo</span> <span class='ocrx_word' id='word_1_130' title='bbox 772 2989 909 3060; x_wconf 84' lang='lat' dir='ltr'>Alington</span> <span class='ocrx_word' id='word_1_131' title='bbox 931 2995 964 3044; x_wconf 88' lang='lat' dir='ltr'>vt</span> <span class='ocrx_word' id='word_1_132' title='bbox 989 2995 1021 3044; x_wconf 76' lang='lat'>12</span> <span class='ocrx_word' id='word_1_133' title='bbox 1042 2991 1155 3046; x_wconf 90' lang='lat' dir='ltr'>termini</span> <span class='ocrx_word' id='word_1_134' title='bbox 1177 2991 1206 3046; x_wconf 91' lang='lat' dir='ltr'>in</span> <span class='ocrx_word' id='word_1_135' title='bbox 1231 2990 1335 3061; x_wconf 90' lang='lat' dir='ltr'>quibus</span> <span class='ocrx_word' id='word_1_136' title='bbox 1357 2991 1490 3046; x_wconf 88' lang='lat' dir='ltr'>lectiones</span> 
     </span>
     <span class='ocr_line' id='line_1_20' title="bbox 402 3077 1489 3134; baseline -0.001 -2"><span class='ocrx_word' id='word_1_137' title='bbox 402 3077 558 3133; x_wconf 77' lang='lat' dir='ltr'>ordinaries</span> <span class='ocrx_word' id='word_1_138' title='bbox 574 3077 685 3133; x_wconf 79' lang='lat' dir='ltr'>audiuit</span> <span class='ocrx_word' id='word_1_139' title='bbox 703 3077 770 3133; x_wconf 88' lang='lat' dir='ltr'>licet</span> <span class='ocrx_word' id='word_1_140' title='bbox 789 3095 846 3132; x_wconf 91' lang='lat' dir='ltr'>non</span> <span class='ocrx_word' id='word_1_141' title='bbox 867 3079 982 3133; x_wconf 91' lang='lat' dir='ltr'>omnino</span> <span class='ocrx_word' id='word_1_142' title='bbox 999 3078 1154 3134; x_wconf 87' lang='lat' dir='ltr'>secundum</span> <span class='ocrx_word' id='word_1_143' title='bbox 1176 3079 1295 3134; x_wconf 81' lang='lat' dir='ltr'>formem</span> <span class='ocrx_word' id='word_1_144' title='bbox 1313 3080 1414 3134; x_wconf 81' lang='lat' dir='ltr'>statuti</span> <span class='ocrx_word' id='word_1_145' title='bbox 1434 3095 1489 3132; x_wconf 84' lang='lat' dir='ltr'>vns</span> 
     </span>
     <span class='ocr_line' id='line_1_21' title="bbox 402 3162 1489 3238; baseline 0.001 -20"><span class='ocrx_word' id='word_1_146' title='bbox 402 3182 467 3219; x_wconf 86' lang='lat' dir='ltr'>curn</span> <span class='ocrx_word' id='word_1_147' title='bbox 479 3162 703 3236; x_wconf 91' lang='lat' dir='ltr'>oppositionibus</span> <span class='ocrx_word' id='word_1_148' title='bbox 721 3164 950 3236; x_wconf 88' lang='lat' dir='ltr'>responsionibus</span> <span class='ocrx_word' id='word_1_149' title='bbox 961 3173 991 3220; x_wconf 88' lang='lat' dir='ltr'>et</span> <span class='ocrx_word' id='word_1_150' title='bbox 1003 3165 1066 3220; x_wconf 83' lang='lat' dir='ltr'>eliis</span> <span class='ocrx_word' id='word_1_151' title='bbox 1077 3166 1216 3221; x_wconf 80' lang='lat' dir='ltr'>exercitiis</span> <span class='ocrx_word' id='word_1_152' title='bbox 1232 3183 1282 3238; x_wconf 92' lang='lat' dir='ltr'>per</span> <span class='ocrx_word' id='word_1_153' title='bbox 1294 3166 1368 3237; x_wconf 82' lang='lat' dir='ltr'>regis</span> <span class='ocrx_word' id='word_1_154' title='bbox 1379 3168 1489 3220; x_wconf 71' lang='lat' dir='ltr'>statute</span> 
     </span>
     <span class='ocr_line' id='line_1_22' title="bbox 403 3250 1171 3324; baseline 0 -17"><span class='ocrx_word' id='word_1_155' title='bbox 403 3252 546 3324; x_wconf 88' lang='lat' dir='ltr'>requisitis</span> <span class='ocrx_word' id='word_1_156' title='bbox 557 3251 698 3307; x_wconf 85' lang='lat' dir='ltr'>sufficiunt</span> <span class='ocrx_word' id='word_1_157' title='bbox 709 3252 734 3306; x_wconf 89' lang='lat' dir='ltr'>ei</span> <span class='ocrx_word' id='word_1_158' title='bbox 747 3250 783 3306; x_wconf 87' lang='lat' dir='ltr'>ed</span> <span class='ocrx_word' id='word_1_159' title='bbox 795 3251 1020 3324; x_wconf 87' lang='lat' dir='ltr'>respondendnm</span> <span class='ocrx_word' id='word_1_160' title='bbox 1032 3253 1171 3323; x_wconf 89' lang='lat' dir='ltr'>questioni</span> 
     </span>
    </p>

    <p class='ocr_par' dir='ltr' id='par_1_10' title="bbox 333 3338 1490 3588">
     <span class='ocr_line' id='line_1_23' title="bbox 333 3338 1490 3412; baseline -0.003 -15"><span class='ocrx_word' id='word_1_161' title='bbox 333 3341 439 3397; x_wconf 78' lang='lat' dir='ltr'>Eadem</span> <span class='ocrx_word' id='word_1_162' title='bbox 455 3340 546 3412; x_wconf 75' lang='lat' dir='ltr'>gratis</span> <span class='ocrx_word' id='word_1_163' title='bbox 561 3338 596 3394; x_wconf 90' lang='lat' dir='ltr'>de</span> <span class='ocrx_word' id='word_1_164' title='bbox 613 3338 697 3394; x_wconf 85' lang='lat' dir='ltr'>verbo</span> <span class='ocrx_word' id='word_1_165' title='bbox 714 3338 743 3392; x_wconf 92' lang='lat' dir='ltr'>in</span> <span class='ocrx_word' id='word_1_166' title='bbox 760 3340 877 3394; x_wconf 88' lang='lat' dir='ltr'>verbum</span> <span class='ocrx_word' id='word_1_167' title='bbox 894 3339 1056 3394; x_wconf 88' lang='lat' dir='ltr'>conceditur</span> <span class='ocrx_word' id='word_1_168' title='bbox 1072 3339 1220 3394; x_wconf 82' lang='lat' dir='ltr'>Francisoo</span> <span class='ocrx_word' id='word_1_169' title='bbox 1237 3339 1354 3396; x_wconf 85' lang='lat' dir='ltr'>Newton</span> <span class='ocrx_word' id='word_1_170' title='bbox 1372 3340 1490 3410; x_wconf 83' lang='lat' dir='ltr'>Georgio</span> 
     </span>
     <span class='ocr_line' id='line_1_24' title="bbox 404 3427 1490 3501; baseline -0.002 -17"><span class='ocrx_word' id='word_1_171' title='bbox 404 3429 518 3499; x_wconf 80' lang='lat' dir='ltr'>Hsrvye</span> <span class='ocrx_word' id='word_1_172' title='bbox 533 3427 636 3482; x_wconf 83' lang='lat' dir='ltr'>Joenni</span> <span class='ocrx_word' id='word_1_173' title='bbox 655 3427 832 3499; x_wconf 79' lang='lat' dir='ltr'>Blynoborne</span> <span class='ocrx_word' id='word_1_174' title='bbox 849 3427 977 3482; x_wconf 77' lang='lat' dir='ltr'>Mattheo</span> <span class='ocrx_word' id='word_1_175' title='bbox 994 3427 1106 3482; x_wconf 88' lang='lat' dir='ltr'>Hntton</span> <span class='ocrx_word' id='word_1_176' title='bbox 1124 3427 1231 3482; x_wconf 81' lang='lat' dir='ltr'>&#39;I&#39;honre</span> <span class='ocrx_word' id='word_1_177' title='bbox 1248 3428 1340 3501; x_wconf 78' lang='lat' dir='ltr'>Penye</span> <span class='ocrx_word' id='word_1_178' title='bbox 1356 3427 1490 3483; x_wconf 81' lang='lat' dir='ltr'>Guultero</span> 
     </span>
     <span class='ocr_line' id='line_1_25' title="bbox 403 3513 794 3588; baseline -0.005 -17"><span class='ocrx_word' id='word_1_179' title='bbox 403 3515 549 3588; x_wconf 85' lang='lat' dir='ltr'>Gsrdyner</span> <span class='ocrx_word' id='word_1_180' title='bbox 566 3520 596 3569; x_wconf 89' lang='lat' dir='ltr'>et</span> <span class='ocrx_word' id='word_1_181' title='bbox 614 3513 721 3584; x_wconf 84' lang='lat' dir='ltr'>Rogero</span> <span class='ocrx_word' id='word_1_182' title='bbox 740 3514 794 3569; x_wconf 86' lang='lat' dir='ltr'>Leo</span> 
     </span>
    </p>

    <p class='ocr_par' dir='ltr' id='par_1_11' title="bbox 333 3601 1489 3851">
     <span class='ocr_line' id='line_1_26' title="bbox 333 3601 1488 3676; baseline -0.002 -16"><span class='ocrx_word' id='word_1_183' title='bbox 333 3606 406 3660; x_wconf 89' lang='lat' dir='ltr'>Item</span> <span class='ocrx_word' id='word_1_184' title='bbox 419 3603 582 3660; x_wconf 88' lang='lat' dir='ltr'>conceditur</span> <span class='ocrx_word' id='word_1_185' title='bbox 593 3603 701 3658; x_wconf 88' lang='lat' dir='ltr'>Simoni</span> <span class='ocrx_word' id='word_1_186' title='bbox 714 3601 829 3674; x_wconf 84' lang='lat' dir='ltr'>Gybbes</span> <span class='ocrx_word' id='word_1_187' title='bbox 843 3607 873 3657; x_wconf 87' lang='lat' dir='ltr'>vt</span> <span class='ocrx_word' id='word_1_188' title='bbox 887 3607 916 3657; x_wconf 93' lang='lat' dir='ltr'>ll</span> <span class='ocrx_word' id='word_1_189' title='bbox 933 3603 1046 3658; x_wconf 80' lang='lat' dir='ltr'>termini</span> <span class='ocrx_word' id='word_1_190' title='bbox 1063 3620 1128 3657; x_wconf 90' lang='lat' dir='ltr'>cunr</span> <span class='ocrx_word' id='word_1_191' title='bbox 1140 3603 1261 3658; x_wconf 88' lang='lat' dir='ltr'>termino</span> <span class='ocrx_word' id='word_1_192' title='bbox 1277 3603 1307 3657; x_wconf 90' lang='lat' dir='ltr'>in</span> <span class='ocrx_word' id='word_1_193' title='bbox 1319 3619 1375 3673; x_wconf 91' lang='lat' dir='ltr'>qno</span> <span class='ocrx_word' id='word_1_194' title='bbox 1387 3603 1488 3676; x_wconf 90' lang='lat' dir='ltr'>[deter-</span> 
     </span>
     <span class='ocr_line' id='line_1_27' title="bbox 403 3689 1489 3763; baseline 0 -17"><span class='ocrx_word' id='word_1_195' title='bbox 403 3693 563 3747; x_wconf 80' lang='lat' dir='ltr'>minaturus</span> <span class='ocrx_word' id='word_1_196' title='bbox 575 3689 631 3763; x_wconf 88' lang='lat' dir='ltr'>est]</span> <span class='ocrx_word' id='word_1_197' title='bbox 643 3691 672 3744; x_wconf 89' lang='lat' dir='ltr'>in</span> <span class='ocrx_word' id='word_1_198' title='bbox 684 3689 789 3761; x_wconf 88' lang='lat' dir='ltr'>quibus</span> <span class='ocrx_word' id='word_1_199' title='bbox 806 3691 939 3745; x_wconf 89' lang='lat' dir='ltr'>lectiones</span> <span class='ocrx_word' id='word_1_200' title='bbox 951 3691 1106 3745; x_wconf 73' lang='lat' dir='ltr'>ordinaries</span> <span class='ocrx_word' id='word_1_201' title='bbox 1122 3689 1233 3745; x_wconf 76' lang='lat' dir='ltr'>audiuit</span> <span class='ocrx_word' id='word_1_202' title='bbox 1248 3694 1279 3744; x_wconf 89' lang='lat' dir='ltr'>et</span> <span class='ocrx_word' id='word_1_203' title='bbox 1291 3690 1347 3745; x_wconf 83' lang='lat' dir='ltr'>ulis</span> <span class='ocrx_word' id='word_1_204' title='bbox 1357 3692 1489 3746; x_wconf 82' lang='lat' dir='ltr'>exercitio</span> 
     </span>
     <span class='ocr_line' id='line_1_28' title="bbox 403 3779 1447 3851; baseline 0 -16"><span class='ocrx_word' id='word_1_205' title='bbox 403 3783 482 3836; x_wconf 84' lang='lat' dir='ltr'>iuxta</span> <span class='ocrx_word' id='word_1_206' title='bbox 493 3785 603 3835; x_wconf 78' lang='lat' dir='ltr'>statute</span> <span class='ocrx_word' id='word_1_207' title='bbox 616 3779 691 3850; x_wconf 80' lang='lat' dir='ltr'>regis</span> <span class='ocrx_word' id='word_1_208' title='bbox 702 3779 820 3851; x_wconf 80' lang='lat' dir='ltr'>perfecit</span> <span class='ocrx_word' id='word_1_209' title='bbox 831 3779 973 3833; x_wconf 81' lang='lat' dir='ltr'>sufficiant</span> <span class='ocrx_word' id='word_1_210' title='bbox 984 3779 1059 3834; x_wconf 79' lang='lat' dir='ltr'>eisd</span> <span class='ocrx_word' id='word_1_211' title='bbox 1072 3780 1295 3850; x_wconf 90' lang='lat' dir='ltr'>respondendum</span> <span class='ocrx_word' id='word_1_212' title='bbox 1306 3781 1447 3850; x_wconf 88' lang='lat' dir='ltr'>questioni</span> 
     </span>
    </p>

    <p class='ocr_par' dir='ltr' id='par_1_12' title="bbox 334 3867 1489 4204">
     <span class='ocr_line' id='line_1_29' title="bbox 334 3867 1489 3941; baseline -0.001 -15"><span class='ocrx_word' id='word_1_213' title='bbox 334 3871 406 3926; x_wconf 80' lang='lat' dir='ltr'>Item</span> <span class='ocrx_word' id='word_1_214' title='bbox 428 3869 590 3924; x_wconf 85' lang='lat' dir='ltr'>conceditur</span> <span class='ocrx_word' id='word_1_215' title='bbox 611 3867 733 3924; x_wconf 87' lang='lat' dir='ltr'>Roberto</span> <span class='ocrx_word' id='word_1_216' title='bbox 754 3867 911 3941; x_wconf 81' lang='lat' dir='ltr'>Oeleb[u]tt</span> <span class='ocrx_word' id='word_1_217' title='bbox 932 3874 964 3923; x_wconf 86' lang='lat' dir='ltr'>vt</span> <span class='ocrx_word' id='word_1_218' title='bbox 987 3873 1019 3924; x_wconf 73' lang='grc'>12</span> <span class='ocrx_word' id='word_1_219' title='bbox 1044 3869 1157 3924; x_wconf 84' lang='lat' dir='ltr'>termini</span> <span class='ocrx_word' id='word_1_220' title='bbox 1180 3868 1333 3940; x_wconf 89' lang='lat' dir='ltr'>inquibus</span> <span class='ocrx_word' id='word_1_221' title='bbox 1357 3870 1489 3925; x_wconf 89' lang='lat' dir='ltr'>lectiones</span> 
     </span>
     <span class='ocr_line' id='line_1_30' title="bbox 402 3957 1488 4014; baseline 0.001 -2"><span class='ocrx_word' id='word_1_222' title='bbox 402 3957 557 4013; x_wconf 77' lang='lat' dir='ltr'>ordinaries</span> <span class='ocrx_word' id='word_1_223' title='bbox 574 3957 686 4012; x_wconf 76' lang='lat' dir='ltr'>audiuit</span> <span class='ocrx_word' id='word_1_224' title='bbox 703 3957 769 4013; x_wconf 85' lang='lat' dir='ltr'>licet</span> <span class='ocrx_word' id='word_1_225' title='bbox 787 3975 843 4011; x_wconf 92' lang='lat' dir='ltr'>non</span> <span class='ocrx_word' id='word_1_226' title='bbox 862 3957 977 4012; x_wconf 88' lang='lat' dir='ltr'>omnino</span> <span class='ocrx_word' id='word_1_227' title='bbox 994 3957 1147 4012; x_wconf 88' lang='lat' dir='ltr'>secundum</span> <span class='ocrx_word' id='word_1_228' title='bbox 1166 3957 1284 4012; x_wconf 81' lang='lat' dir='ltr'>fonnem</span> <span class='ocrx_word' id='word_1_229' title='bbox 1303 3959 1404 4013; x_wconf 77' lang='lat' dir='ltr'>statuti</span> <span class='ocrx_word' id='word_1_230' title='bbox 1423 3976 1488 4014; x_wconf 86' lang='lat' dir='ltr'>cum</span> 
     </span>
     <span class='ocr_line' id='line_1_31' title="bbox 402 4040 1489 4116; baseline 0.001 -18"><span class='ocrx_word' id='word_1_231' title='bbox 402 4041 625 4116; x_wconf 85' lang='lat' dir='ltr'>oppositionibus</span> <span class='ocrx_word' id='word_1_232' title='bbox 646 4040 873 4113; x_wconf 89' lang='lat' dir='ltr'>responsionibus</span> <span class='ocrx_word' id='word_1_233' title='bbox 894 4047 924 4096; x_wconf 87' lang='lat' dir='ltr'>et</span> <span class='ocrx_word' id='word_1_234' title='bbox 943 4042 1008 4097; x_wconf 82' lang='lat' dir='ltr'>eliis</span> <span class='ocrx_word' id='word_1_235' title='bbox 1028 4042 1169 4096; x_wconf 87' lang='lat' dir='ltr'>exercitiis</span> <span class='ocrx_word' id='word_1_236' title='bbox 1190 4042 1269 4096; x_wconf 84' lang='lat' dir='ltr'>iuxta</span> <span class='ocrx_word' id='word_1_237' title='bbox 1286 4047 1396 4098; x_wconf 75' lang='lat' dir='ltr'>statuta</span> <span class='ocrx_word' id='word_1_238' title='bbox 1414 4046 1489 4114; x_wconf 80' lang='lat' dir='ltr'>regis</span> 
     </span>
     <span class='ocr_line' id='line_1_32' title="bbox 403 4130 1203 4204; baseline -0.003 -18"><span class='ocrx_word' id='word_1_239' title='bbox 403 4132 546 4204; x_wconf 89' lang='lat' dir='ltr'>requisitis</span> <span class='ocrx_word' id='word_1_240' title='bbox 564 4131 706 4185; x_wconf 81' lang='lat' dir='ltr'>sufficient</span> <span class='ocrx_word' id='word_1_241' title='bbox 722 4131 747 4185; x_wconf 87' lang='lat' dir='ltr'>ei</span> <span class='ocrx_word' id='word_1_242' title='bbox 765 4130 802 4185; x_wconf 81' lang='lat' dir='ltr'>sd</span> <span class='ocrx_word' id='word_1_243' title='bbox 820 4130 1044 4202; x_wconf 88' lang='lat' dir='ltr'>respondendum</span> <span class='ocrx_word' id='word_1_244' title='bbox 1062 4130 1203 4200; x_wconf 83' lang='lat' dir='ltr'>questioni</span> 
     </span>
    </p>

    <p class='ocr_par' dir='ltr' id='par_1_13' title="bbox 332 4217 1489 4363">
     <span class='ocr_line' id='line_1_33' title="bbox 332 4217 1489 4290; baseline -0.005 -12"><span class='ocrx_word' id='word_1_245' title='bbox 332 4222 437 4278; x_wconf 79' lang='lat' dir='ltr'>Eodem</span> <span class='ocrx_word' id='word_1_246' title='bbox 450 4221 540 4290; x_wconf 72' lang='lat' dir='ltr'>gretie</span> <span class='ocrx_word' id='word_1_247' title='bbox 556 4219 591 4274; x_wconf 90' lang='lat' dir='ltr'>de</span> <span class='ocrx_word' id='word_1_248' title='bbox 604 4219 688 4273; x_wconf 87' lang='lat' dir='ltr'>verbo</span> <span class='ocrx_word' id='word_1_249' title='bbox 705 4221 733 4273; x_wconf 90' lang='lat' dir='ltr'>iu</span> <span class='ocrx_word' id='word_1_250' title='bbox 747 4219 865 4273; x_wconf 86' lang='lat' dir='ltr'>verbum</span> <span class='ocrx_word' id='word_1_251' title='bbox 884 4219 1046 4272; x_wconf 88' lang='lat' dir='ltr'>conceditur</span> <span class='ocrx_word' id='word_1_252' title='bbox 1060 4217 1192 4288; x_wconf 83' lang='lat' dir='ltr'>Gregorio</span> <span class='ocrx_word' id='word_1_253' title='bbox 1208 4217 1338 4287; x_wconf 83' lang='lat' dir='ltr'>Greunge</span> <span class='ocrx_word' id='word_1_254' title='bbox 1350 4218 1489 4274; x_wconf 86' lang='lat' dir='ltr'>Gulielmo</span> 
     </span>
     <span class='ocr_line' id='line_1_34' title="bbox 401 4304 828 4363; baseline -0.009 -1"><span class='ocrx_word' id='word_1_255' title='bbox 401 4309 503 4363; x_wconf 77' lang='lat' dir='ltr'>Olor-ko</span> <span class='ocrx_word' id='word_1_256' title='bbox 514 4313 545 4361; x_wconf 88' lang='lat' dir='ltr'>et</span> <span class='ocrx_word' id='word_1_257' title='bbox 558 4306 710 4361; x_wconf 74' lang='lat' dir='ltr'>Isurentio</span> <span class='ocrx_word' id='word_1_258' title='bbox 723 4304 828 4359; x_wconf 88' lang='lat' dir='ltr'>Webbe</span> 
     </span>
    </p>

    <p class='ocr_par' dir='ltr' id='par_1_14' title="bbox 332 4393 1487 4468">
     <span class='ocr_line' id='line_1_35' title="bbox 332 4393 1487 4468; baseline -0.003 -15"><span class='ocrx_word' id='word_1_259' title='bbox 332 4400 406 4454; x_wconf 88' lang='lat' dir='ltr'>Item</span> <span class='ocrx_word' id='word_1_260' title='bbox 428 4395 590 4468; x_wconf 85' lang='lat' dir='ltr'>conceditur</span> <span class='ocrx_word' id='word_1_261' title='bbox 610 4394 728 4464; x_wconf 84' lang='lat' dir='ltr'>Georgio</span> <span class='ocrx_word' id='word_1_262' title='bbox 750 4393 871 4446; x_wconf 86' lang='lat' dir='ltr'>Muusou</span> <span class='ocrx_word' id='word_1_263' title='bbox 890 4397 922 4446; x_wconf 86' lang='lat' dir='ltr'>vt</span> <span class='ocrx_word' id='word_1_264' title='bbox 945 4397 978 4446; x_wconf 75' lang='lat'>12</span> <span class='ocrx_word' id='word_1_265' title='bbox 999 4393 1113 4446; x_wconf 84' lang='lat' dir='ltr'>termioi</span> <span class='ocrx_word' id='word_1_266' title='bbox 1134 4409 1198 4447; x_wconf 90' lang='lat' dir='ltr'>cnm</span> <span class='ocrx_word' id='word_1_267' title='bbox 1220 4410 1253 4447; x_wconf 89' lang='lat' dir='ltr'>eo</span> <span class='ocrx_word' id='word_1_268' title='bbox 1274 4394 1304 4447; x_wconf 86' lang='lat' dir='ltr'>iu</span> <span class='ocrx_word' id='word_1_269' title='bbox 1321 4411 1379 4464; x_wconf 93' lang='lat' dir='ltr'>quo</span> <span class='ocrx_word' id='word_1_270' title='bbox 1398 4394 1487 4450; x_wconf 88' lang='lat' dir='ltr'>deter-</span> 
     </span>
    </p>
   </div>
   <div class='ocr_carea' id='block_1_8' title="bbox 0 0 1692 5108">
    <p class='ocr_par' dir='ltr' id='par_1_15' title="bbox 0 0 1692 5108">
     <span class='ocr_line' id='line_1_36' title="bbox 0 0 1692 5108; baseline 0 0"><span class='ocrx_word' id='word_1_271' title='bbox 0 0 1692 5108; x_wconf 95' lang='lat' dir='ltr'> </span> 
     </span>
    </p>
   </div>
  </div>
 </body>
</html>
