3376 5108
187 364 351 451 1557-58]
520 436 522 442 ,
626 382 740 430 cason
765 381 857 430 socr<
881 381 903 428 Δ
1285 367 1347 430 129

188 537 262 590 Item
284 541 318 592 23
337 536 417 591 Junii
440 535 602 591 comeditur
625 536 739 592 domino
760 536 863 592 Baiter
881 535 989 591 bedello
1010 537 1055 592 oui
1077 553 1151 590 anno
1172 536 1266 606 elapso
1286 553 1349 590 oon-

257 643 367 680 cessum
391 630 436 680 cst
458 628 490 679 vt
507 625 569 680 eius
587 625 720 680 admissio
739 629 796 680 stet
815 626 841 680 ei
861 643 912 696 pro
933 625 1081 696 completis
1098 621 1187 696 gradu
1211 629 1240 679 et
1261 624 1350 679 fomis

257 712 411 783 magisterii
433 713 464 766 in
482 711 591 766 artibus
610 713 652 766 ita
672 712 790 767 eandem
812 713 932 783 gratiam
951 711 1078 766 obtineat
1096 715 1128 766 vt
1146 728 1202 765 non
1220 714 1350 766 teneatur

258 801 374 855 alterius
392 799 429 855 ad
448 798 622 854 visitandum
645 800 680 854 ad
700 799 904 871 disputandum
923 807 973 855 aut
993 800 1177 855 necessariam
1195 799 1349 869 regentiam

257 886 477 942 continuandam
489 904 539 957 per
548 885 695 941 biennium
705 904 761 943 non
771 887 903 942 obstante
912 891 1022 942 statuto
1030 887 1080 942 sod
1089 885 1227 942 consimili
1236 887 1349 957 caputio

260 980 357 1030 vtetur
375 975 404 1029 in
423 973 586 1029 solennibus
604 974 727 1030 comitiis
744 975 920 1046 generalibus
938 974 1160 1047 processionibus
1178 978 1207 1028 et
1225 973 1349 1042 exequiis

255 1079 313 1133 quo
324 1061 408 1117 ceteri
421 1060 522 1116 bedeili
535 1061 662 1133 magistri
675 1062 705 1116 in
717 1062 828 1118 artibus
839 1063 881 1118 vti
894 1062 1021 1118 solebant

186 1155 221 1205 23
233 1149 251 1204 J
253 1149 312 1205 unii
358 1147 522 1203 conceditur
536 1147 644 1203 doctori
657 1149 836 1205 Beamounde
848 1154 880 1204 vt
896 1149 1052 1220 disputatio
1064 1149 1125 1203 eius
1136 1148 1226 1219 possit
1241 1146 1345 1202 differri

258 1238 288 1292 in
300 1237 459 1308 proximum
471 1253 579 1290 annum
591 1237 634 1292 ita
645 1242 677 1292 vt
690 1238 741 1292 fiat
753 1242 820 1292 ante
834 1237 940 1292 Pascha

190 1332 217 1380 1⁰
229 1325 247 1380 J
250 1325 300 1379 ulii
312 1323 476 1379 conceditur
487 1323 601 1378 domino
618 1325 753 1397 Hoslryns
765 1330 798 1380 vt
810 1343 903 1379 sermo
918 1324 954 1379 ad
967 1324 1072 1379 clerum
1090 1324 1126 1379 ad
1138 1341 1222 1394 quem
1234 1327 1348 1378 tenetur

259 1412 367 1466 ratione
381 1409 485 1481 gradus
500 1413 623 1482 susecpti
639 1412 729 1483 possit
745 1411 849 1466 differri
866 1412 895 1466 in
912 1411 1071 1482 proximum
1087 1428 1193 1465 annum
1212 1411 1346 1480 quoniam

259 1504 372 1572 propter
384 1498 513 1554 morbum
526 1517 581 1553 non
595 1500 689 1570 potuit
701 1517 765 1554 eum
778 1500 908 1570 perficere
921 1499 1043 1570 presenti
1056 1515 1130 1552 anno

620 1903 821 1990 Incorporati
845 1905 919 1989 [sic]

189 2095 262 2150 Item
284 2098 314 2148 3⁰
331 2094 401 2149 Julii
419 2093 581 2148 conceditur
598 2092 750 2149 venerabili
768 2093 829 2148 viro
846 2092 954 2148 doctori¹
973 2091 1068 2147 Fullor
1084 2091 1219 2162 magistro
1238 2051 1344 2162 collegii

259 2182 277 2237 J
278 2201 328 2237 esu
340 2188 373 2238 vt
384 2182 423 2236 sit
435 2182 480 2236 hio
492 2180 568 2252 apud
579 2199 629 2235 vos
641 2182 671 2235 in
683 2181 780 2235 eodem
792 2180 881 2251 gradu
892 2196 949 2250 quo
961 2184 1005 2234 est
1018 2178 1133 2234 Oxoniis
