3398 5122
193 351 358 438 1588-89]
628 364 742 413 cason
764 363 858 413 soon
881 364 904 412 Δ

540 671 628 736 Ordo
650 668 851 735 senioritstis
872 669 1002 755 morpin

404 844 546 900 Atherton
681 844 877 915 Bsauchampe
998 841 1106 896 Barker

404 932 523 1006 Smytho
681 933 814 989 Warfield
999 931 1027 986 N
1029 949 1108 1004 orrys

404 1021 460 1076 Dix
680 1021 789 1094 Sparke

404 1109 558 1180 Lawghton
682 1110 753 1165 Rive

404 1196 541 1254 Whitnell
682 1199 778 1254 Herne

406 1283 521 1340 Proetor
684 1285 777 1358 Graye

405 1372 468 1428 Dod

572 1677 730 1741 Doctores
753 1676 788 1740 in
811 1675 976 1762 theologia

196 1848 293 1904 Placet
311 1848 391 1904 vobis
409 1853 441 1906 vt
457 1847 624 1904 venerabilis
640 1849 684 1903 vir
702 1848 835 1919 magister
853 1848 976 1903 Thomas
994 1847 1102 1919 Nevyle
1120 1846 1352 1919 procsncellsrius

201 1953 203 1958 ·
266 1938 406 2009 prefectus
427 1937 536 2007 collegii
557 1935 723 2006 Magdalene
742 1954 776 1990 ex
795 1935 883 1991 nobili
905 1935 1012 1991 familia
1033 1941 1118 1990 natus
1138 1938 1204 2006 post
1224 1935 1352 1990 studium

267 2032 300 2081 15
325 2044 464 2082 annorum
491 2027 520 2082 in
548 2026 688 2096 theologia
713 2031 866 2097 postquam
891 2026 994 2080 rexerit
1020 2025 1049 2080 in
1073 2022 1183 2079 artibus
1207 2040 1271 2078 cum
1296 2040 1353 2077 vna

267 2115 447 2187 responsione
468 2120 497 2170 et
518 2114 629 2170 duobus
647 2114 824 2170 sermonibus
842 2114 877 2168 ad
896 2114 1032 2185 populum
1051 2113 1193 2168 sufficient
1211 2113 1236 2167 ei
1254 2112 1290 2166 ad
1309 2112 1351 2166 in-

266 2202 427 2275 cipiendum
456 2204 487 2258 in
517 2221 597 2259 sacra
627 2203 768 2274 theologia
797 2208 827 2258 et
854 2208 885 2257 vt
912 2203 973 2257 eius
1002 2201 1136 2257 admissio
1164 2206 1222 2256 stet
1248 2201 1273 2254 ei
1301 2217 1352 2271 pro

266 2293 412 2364 completis
430 2292 519 2364 gradu
536 2303 566 2347 et
584 2293 675 2346 forms

196 2381 366 2436 Conceditur
384 2384 418 2436 26
435 2380 565 2436 Octobris
582 2379 717 2449 magistro
734 2379 868 2434 Cervasio
886 2377 1046 2448 Babington
1062 2383 1095 2433 vt
1110 2376 1237 2432 studium
1256 2380 1290 2431 14
1303 2393 1352 2430 on·

265 2487 366 2525 norum
388 2470 417 2523 in
436 2469 577 2539 theologie
596 2473 748 2539 postquam
766 2469 869 2522 rexerit
887 2468 917 2522 in
935 2466 1045 2523 artibus
1062 2485 1119 2522 vns
1136 2484 1201 2521 cum
1219 2465 1352 2537 oppositi·

266 2557 368 2612 onibus
385 2556 495 2612 duabus
513 2556 695 2612 concionibus
712 2557 749 2611 sd
766 2557 903 2629 populum
921 2556 1043 2612 sufficiat
1060 2557 1085 2612 ei
1103 2557 1139 2611 ad
1160 2555 1352 2627 incipiendum

266 2648 297 2701 in
314 2665 394 2702 sacra
411 2648 551 2717 theologis

196 2735 367 2791 Conceditur
382 2740 417 2790 24
433 2735 562 2790 Jsuuarii
579 2736 713 2806 magistro
730 2735 806 2790 Edw.
822 2734 934 2789 Grsunt
949 2739 980 2790 vt
996 2734 1123 2789 studium
1140 2739 1306 2789 bannorum
1322 2733 1353 2787 in
1431 2805 1434 2808 Ι

267 2823 406 2894 theologia
422 2831 486 2896 post
502 2823 619 2895 gradum
634 2823 882 2878 bacchalaureatus
894 2824 924 2877 in
936 2823 1033 2878 eadem
1045 2827 1208 2893 susceptum
1221 2840 1286 2876 cum
1299 2839 1353 2875 vno

266 2928 393 2965 sermone
409 2912 446 2966 sd
462 2912 568 2967 clerum
584 2917 613 2966 et
626 2929 681 2965 vno
697 2929 825 2966 sermone
841 2911 878 2965 sd
895 2911 1030 2982 populum
1047 2911 1076 2965 in
1091 2909 1232 2964 academie
1248 2909 1354 2980 templo

267 2998 388 3054 sufficiet
405 2999 431 3053 ei
449 2999 486 3053 sd
504 2999 695 3070 incipiendum
713 3000 743 3054 in
761 3017 840 3054 sacra
858 2999 997 3070 theologia

196 3087 366 3142 Conceditur
383 3087 481 3143 eodem
499 3089 634 3158 magistro
653 3088 721 3144 Tho.
742 3089 826 3159 Blsge
844 3094 877 3142 vt
893 3087 1021 3143 studium
1039 3092 1211 3141 bannorum
1230 3087 1258 3140 in
1276 3087 1354 3142 theo-

267 3174 340 3245 logis
360 3182 425 3246 post
447 3174 564 3246 gradum
591 3174 839 3230 becchalsureatus
859 3175 889 3230 in
910 3175 1008 3230 sedem
1029 3180 1193 3245 susceptum
1214 3192 1277 3228 cum
1300 3191 1354 3229 vno

267 3279 394 3317 sermone
410 3262 446 3316 ed
463 3262 569 3317 clerum
585 3271 614 3317 et
625 3280 681 3316 vno
697 3279 825 3317 sermone
841 3261 877 3317 ad
894 3262 1030 3334 populum
1046 3263 1076 3316 in
1093 3261 1234 3316 academie
1249 3261 1354 3332 templo

267 3349 390 3405 sufficiat
409 3350 434 3403 ei
456 3350 492 3404 ed
513 3349 704 3421 incipiendum
724 3349 755 3404 in
774 3367 853 3404 secra
874 3350 1013 3421 theologia
1056 3349 1103 3404 Its
1121 3353 1218 3403 tamen
1237 3355 1269 3403 vt
1287 3355 1354 3404 ante

268 3437 328 3491 eius
344 3436 543 3492 admissionem
560 3439 754 3508 incorporetur
769 3438 853 3492 sclito
867 3443 896 3491 et
909 3437 1013 3492 usitato
1028 3455 1105 3492 more
1117 3437 1201 3492 huius
1212 3435 1354 3490 academie

198 3525 368 3580 Conceditur
386 3531 418 3580 lo
437 3527 534 3581 Martii
550 3527 684 3597 magistro
701 3525 822 3581 Ricardo
835 3526 972 3598 Vsughan
986 3533 1017 3581 vt
1030 3525 1156 3581 studium
1171 3531 1204 3580 12
1215 3543 1353 3580 annorum

268 3613 297 3667 in
314 3612 454 3684 theologia
471 3617 621 3684 postquam
638 3614 741 3668 rexerit
757 3615 787 3669 in
803 3615 912 3670 artibus
927 3633 991 3669 curn
1007 3613 1231 3686 oppositionibus
1242 3631 1353 3684 respon·

268 3700 394 3756 sionibus
415 3700 592 3756 sermonibus
612 3702 731 3774 aliisque
751 3702 891 3757 exercitiis
914 3719 964 3772 per
984 3703 1060 3773 regia
1080 3705 1190 3757 statuto
1211 3701 1354 3772 requisitis

267 3790 390 3845 sufficiat
407 3790 432 3845 ei
450 3789 487 3844 ad
504 3789 697 3860 incipiendum
715 3791 745 3844 in
764 3791 861 3846 eadem
879 3789 1013 3845 facultate

197 3877 367 3932 Conceditur
378 3876 486 3950 [blank]
498 3878 633 3948 magistro
646 3878 785 3933 Willelmo
798 3879 884 3933 Stone
896 3883 928 3932 vt
940 3878 1066 3933 studium
1079 3879 1204 3949 quinque
1216 3895 1354 3933 annorum

267 3967 298 4020 in
316 3965 456 4037 theologia
471 3971 536 4037 post
550 3967 669 4037 gradum
686 3966 935 4022 bacchalaureotus
952 3967 981 4020 in
997 3967 1094 4021 eodem
1111 3971 1273 4036 susceptum
1290 3983 1355 4019 cum

268 4053 493 4122 oppositionibus
509 4053 738 4125 responsionibus
754 4053 931 4108 sermonibus
947 4055 1066 4124 aliisque
1083 4053 1223 4108 exercitiis
1237 4071 1287 4124 per
1297 4057 1354 4108 sta·

268 4146 332 4194 tuta
344 4141 419 4211 regia
430 4142 575 4212 requisitis
588 4141 709 4196 sufficiat
721 4143 746 4195 ei
758 4141 795 4195 ad
807 4140 998 4212 incipiendum
1012 4143 1041 4195 in
1054 4159 1133 4196 secra
1145 4141 1284 4212 theologis
1388 4182 1391 4188 .

197 4226 367 4283 Conceditur
384 4227 491 4301 [took]
509 4230 643 4300 magistro
659 4230 786 4284 Arthuro
805 4229 905 4299 Bright
921 4234 953 4284 vt
971 4230 1099 4284 studium
1119 4234 1152 4283 12
1168 4246 1306 4284 annorum
1325 4230 1355 4285 in

268 4315 407 4386 theologis
428 4321 580 4388 postquam
601 4319 704 4373 rexerit
729 4319 758 4372 in
780 4317 890 4373 artibus
911 4335 977 4372 cum
998 4317 1223 4388 oppositionibus
1243 4335 1355 4389 respon·

267 4403 395 4458 sionibus
415 4403 592 4459 sermonibus
612 4406 731 4475 aliisque
751 4406 891 4460 exercitiis
916 4423 965 4476 per
985 4407 1061 4475 regis
1081 4409 1192 4460 statuta
1213 4405 1356 4475 requisitis

267 4489 390 4546 sufficiat
407 4491 433 4546 ei
451 4490 487 4545 ad
505 4491 696 4564 incipiendum
715 4493 744 4547 in
763 4493 860 4548 eadem
878 4494 1013 4548 facultate
