3408 5116
203 311 366 394 terete]
638 325 752 374 esscs
774 325 866 374 soor
892 326 915 373 Δ
1295 310 1355 370 281

202 484 368 540 Conceditur
387 485 433 539 ll
437 485 485 539 ulii
504 485 638 555 magistro
655 485 777 539 Robsrte
794 483 920 556 Reynold
934 484 1034 540 Oxonii
1052 485 1081 538 in
1098 483 1208 538 artibus
1225 484 1358 554 magistro

272 577 305 628 vt
320 574 360 627 sit
375 573 421 629 hic
436 574 512 645 apud
529 591 578 629 vos
596 574 626 628 in
642 573 760 630 eiisdem
777 573 865 645 gredu
884 573 981 629 ordine
998 580 1028 629 et
1045 591 1121 628 enno
1138 572 1241 645 quibus
1257 572 1313 628 ruit
1329 573 1358 626 in

274 661 418 717 academia
432 662 584 718 Oxonieusi

204 750 373 804 Conceditur
388 754 405 806 6
423 750 490 805 Maii
507 749 622 805 domino
638 750 787 806 Timotheo
804 750 904 820 Bright
920 751 950 804 in
966 749 1105 805 medicine
1117 748 1315 804 becchelsurec
1328 751 1359 803 vt

276 839 364 909 possit
382 839 535 910 practicam
553 839 582 893 in
601 838 740 894 medicine
758 839 798 894 sic
817 844 849 894 vt
866 841 927 894 sius
945 840 1069 910 cognicio
1090 837 1169 910 prius
1189 837 1359 908 approbetur

273 944 324 997 per
338 927 465 982 doctores
483 927 609 981 Hetcher
626 931 655 981 et
673 927 786 997 borkyn
803 932 834 982 et
849 945 899 998 per
912 945 998 982 vnum
1014 945 1110 982 eorum
1128 930 1304 998 presentetur
1319 926 1359 979 sie

275 1019 306 1069 vt
322 1033 406 1086 super
421 1016 473 1070 hcc
486 1021 580 1070 vestra
597 1015 775 1070 concessione
791 1016 887 1071 literas
899 1017 1003 1070 habent
1014 1015 1152 1087 sigillatus
1163 1015 1254 1086 sigillo
1267 1019 1360 1069 vestro

275 1105 417 1158 communi
455 1105 636 1160 Presentstus
647 1122 697 1175 per
707 1104 849 1158 doctorem
864 1105 975 1177 Lorkyn
987 1107 1022 1159 23
1034 1104 1052 1158 J
1054 1104 1114 1158 unii

205 1191 375 1248 Conceditur
394 1197 428 1247 10
446 1193 524 1248 lunii
543 1193 678 1264 magistro
698 1193 766 1248 Tho.
787 1192 876 1247 Wood
895 1193 976 1262 (les.)
994 1198 1027 1247 vt
1044 1191 1172 1247 studium
1191 1197 1220 1246 et
1238 1190 1394 1262 practices.
1415 1183 1504 1244 lleb

276 1281 292 1334 7
311 1296 449 1333 annorum
467 1279 495 1333 in
516 1277 654 1333 medicine
679 1282 829 1349 postquem
848 1279 951 1333 rexerit
969 1279 997 1332 in
1016 1278 1126 1333 artibus
1143 1279 1265 1332 sufficiet
1282 1279 1306 1332 ei
1325 1279 1361 1332 ed

276 1367 488 1437 practicendum
510 1367 539 1421 in
562 1367 658 1422 ecdem
680 1367 720 1421 sic
740 1371 771 1421 vt
792 1368 853 1421 eius
871 1367 995 1438 cognicio
1016 1365 1150 1438 probetur
1169 1383 1219 1438 per
1235 1366 1362 1421 doctores

277 1455 404 1510 Benene
425 1460 455 1510 et
473 1455 559 1510 Werd
580 1459 611 1510 et
631 1473 682 1526 per
702 1456 822 1510 alterum
845 1472 941 1509 eorum
964 1460 1141 1526 presentetur
1161 1462 1191 1509 et
1209 1453 1363 1526 superbae

276 1544 452 1598 concessione
465 1549 559 1598 vestre
574 1543 671 1598 literas
685 1543 788 1598 hebeat
800 1545 1004 1599 testimoniales
1016 1544 1153 1615 sigillatas
1164 1543 1256 1616 sigillo
1269 1549 1363 1600 vestro

276 1633 418 1688 communi
456 1633 638 1687 Presentstus
650 1650 701 1703 per
712 1631 853 1687 doctorem
868 1633 970 1688 Wcrde
982 1638 1017 1688 23
1028 1632 1107 1688 lunii

206 1718 311 1774 Eadem
324 1720 415 1790 gratie
427 1719 589 1774 conceditur
601 1723 630 1774 2ο
639 1718 709 1773 Julii
721 1719 856 1790 megistro
865 1719 988 1774 Johenni
998 1720 1095 1774 Jsmes
1103 1720 1255 1790 (Tri.)cum
1269 1719 1363 1775 studio

277 1813 317 1862 4⁰¹
327 1825 466 1863 annorum
483 1813 512 1862 et
527 1806 731 1878 approbecione
747 1807 870 1863 doctoris
882 1808 969 1863 Werd
1007 1809 1189 1864 Prsscntstus
1203 1827 1253 1880 per
1266 1808 1363 1864 eodem

278 1896 341 1966 (sic)
354 1899 369 1952 7
383 1896 401 1950 J
403 1896 453 1951 ulii

207 1984 376 2041 Conceditur
394 1989 428 2039 24
445 1984 524 2039 Junii
542 1985 677 2056 magistro
697 1984 780 2040 Petro
798 1983 908 2039 Turner
925 1985 955 2039 in
974 1984 1117 2041 academia
1136 1985 1363 2056 Heidelbergensi

277 2073 307 2127 in
326 2070 465 2127 medicina
482 2071 589 2127 doctori
606 2077 638 2125 rt
656 2071 696 2126 sic
715 2071 760 2127 hic
778 2070 854 2143 apud
872 2090 920 2126 vos
937 2072 966 2126 in
982 2072 1099 2128 eiisdem
1116 2073 1204 2144 gradu
1222 2073 1318 2128 ordine
1334 2079 1364 2129 et

277 2180 352 2217 suno
367 2162 471 2232 quibus
488 2162 543 2216 luit
560 2160 682 2216 indicte
699 2161 842 2217 scsdemic
855 2160 1084 2233 Heidelbergensi
1122 2163 1303 2219 Presentstus
1315 2181 1365 2236 per

278 2250 420 2306 doctorem
433 2249 536 2305 Werde

580 2549 737 2616 Doctores
760 2551 792 2614 in
812 2549 888 2636 jure
911 2551 996 2615 civili

209 2723 379 2780 Conceditur
394 2727 429 2778 25
446 2722 590 2778 Februarii
608 2723 742 2792 magistro
758 2722 866 2777 Fhome
882 2723 972 2794 Legge
985 2728 1016 2778 vt
1032 2721 1159 2778 studium
1178 2727 1212 2778 10
1228 2740 1364 2778 annorum

280 2813 309 2866 in
331 2812 390 2866 iure
411 2811 485 2865 civili
510 2816 661 2881 postquem
685 2811 789 2864 rexerit
811 2810 840 2864 in
862 2809 972 2865 artibus
992 2827 1057 2865 curn
1079 2809 1304 2881 opposicionibus
1326 2829 1365 2865 ie·

280 2901 477 2972 sponsionibus
498 2905 528 2954 et
549 2900 612 2954 aliis
631 2900 770 2954 exercitiis
789 2918 838 2970 per
856 2905 967 2954 statute
986 2900 1130 2970 requisitis
1148 2901 1269 2954 sufficiet
1287 2903 1311 2956 ei
1330 2902 1365 2956 ud

280 2986 470 3058 incipiendum
487 2987 515 3040 in
528 2985 625 3041 eodem
638 2987 697 3041 iure
735 2987 917 3042 Prcscntstus
929 3004 979 3057 per
990 2985 1132 3041 doctorem
1146 2987 1227 3058 Byng
1241 2992 1275 3041 10
1287 2988 1305 3042 J
1307 2988 1365 3042 unii

209 3075 315 3130 Eadem
335 3075 426 3145 grstia
447 3073 609 3129 conceditur
634 3078 668 3128 22
689 3074 797 3145 Aprilis
819 3075 952 3144 rucgistro
977 3073 1113 3128 Eduardo
1138 3074 1280 3146 Stsnhope
1301 3094 1364 3131 cum

278 3163 373 3218 studio
392 3167 407 3218 7
426 3179 564 3217 annorum
602 3162 783 3217 Presentetus
803 3166 820 3215 4
837 3161 908 3217 Julii
927 3179 977 3232 per
993 3162 1136 3218 doctorem
1156 3163 1243 3234 Binge

550 3503 781 3568 Bacchulaurei
805 3503 838 3567 in
862 3501 1027 3588 theologis

209 3672 378 3728 Conceditur
393 3679 425 3728 14
438 3674 582 3729 Februarii
596 3675 731 3745 magistro
745 3673 867 3729 Roberto
881 3674 1005 3744 Norgste
1018 3681 1049 3727 vt
1062 3672 1190 3729 studium
1203 3676 1367 3728 'lenuorum

281 3761 310 3815 in
327 3761 466 3832 theologia
482 3766 633 3832 postquem
649 3763 753 3817 rexerit
768 3763 797 3816 in
813 3761 923 3816 artibus
939 3779 1004 3816 curn
1019 3760 1245 3832 opposicionibus
1256 3779 1368 3832 respon-

281 3849 406 3904 sionibus
422 3849 599 3904 sermonibus
615 3854 645 3904 et
661 3849 725 3904 eliis
741 3849 880 3905 exercitiis
898 3866 948 3920 per
963 3853 1075 3904 statute
1090 3849 1234 3920 requisitis
1248 3850 1369 3904 sufficiet

281 3939 306 3992 ei
320 3944 380 3992 tem
392 3937 428 3992 ed
441 3937 639 4008 opponendum
652 3953 739 4007 quam
751 3935 787 3992 sd
801 3936 965 3991 intrandum
979 3937 1008 3990 in
1021 3955 1100 3991 sacre
1112 3937 1252 4008 theologis

212 4025 318 4080 Eadem
334 4025 425 4096 gratis
441 4025 604 4080 conceditur
616 4029 633 4079 8
646 4024 790 4079 Febmerii
808 4026 943 4095 magistro
956 4025 1004 4079 W⁰
1016 4026 1137 4081 Stenton
1177 4031 1209 4081 14
1225 4026 1370 4082 Februarii

282 4115 415 4184 magistro
428 4114 496 4168 Tho.
509 4114 616 4168 besche
653 4119 686 4168 25
700 4113 845 4169 Februarii
859 4113 993 4184 magistro
1006 4113 1074 4168 Tho.
1087 4115 1187 4169 Fertur
1224 4120 1258 4168 25
1272 4116 1369 4172 Martii

283 4203 418 4273 magistro
433 4203 550 4272 Georgio
567 4203 660 4257 Slater·
696 4206 730 4257 23
743 4201 850 4274 Aprilis
867 4201 1001 4272 magistro
1019 4202 1138 4256 Riccrdo
1155 4202 1256 4275 Smyth
1270 4208 1299 4258 et
1312 4222 1369 4276 ms7

284 4293 372 4360 gistro
388 4291 432 4345 Jo.
451 4291 551 4346 Sterne
588 4295 623 4346 29
639 4291 747 4363 Aprilis
764 4291 898 4360 magistro
915 4289 1051 4345 Nicholeo
1068 4289 1206 4345 Chelenor
1248 4295 1275 4345 l⁰
1290 4292 1370 4348 :lunii

283 4378 418 4450 magistro
431 4377 545 4447 Hugoui
560 4377 667 4432 Buotbe
702 4381 731 4432 3⁰
743 4377 823 4432 lunii
837 4377 971 4447 magistro
985 4375 1107 4432 Roberto
1119 4377 1207 4449 Scyer
1243 4378 1370 4435 erunii
