3344 5110
296 279 337 342 12
729 297 842 347 orsos
864 298 958 347 soon
980 298 1004 347 n
1283 281 1453 368 [1543-44

364 467 430 505 eum
458 451 558 506 ueteris
583 451 668 507 huius
695 453 763 507 anni
791 451 1058 508 determinatoribus
1082 453 1124 507 ite
1146 452 1223 523 quod
1246 452 1307 508 eim
1330 448 1453 508 eruditio

366 539 543 593 examinetur
554 542 583 594 et
595 539 767 610 approbetur
777 557 827 610 per
838 541 1012 611 oppositores
1021 539 1107 595 huius
1116 541 1184 596 anni
1196 544 1226 596 et
1237 544 1295 596 stet
1307 541 1336 595 in
1348 537 1452 595 scholis

366 641 431 680 eum
443 627 542 681 oeteris
554 625 761 682 bsoohalaureis
772 626 807 682 sd
821 627 956 699 pleoitum
969 633 1180 700 procuratorum

295 711 369 766 Item
382 713 543 768 comeditur
554 713 572 768 J
574 714 657 768 oanni
670 713 756 786 Wyer
767 720 800 769 vt
814 719 844 768 11
862 715 975 770 termini
988 732 1053 770 oum
1065 733 1098 770 eo
1110 716 1140 770 in
1152 733 1209 787 quo
1226 720 1271 772 est
1282 715 1450 771 determina·

366 808 448 856 turus
460 803 490 856 in
504 801 608 872 quibus
623 803 757 858 lectiones
773 803 928 858 ordinarias
944 803 1055 858 audiuit
1075 821 1125 874 per
1142 805 1276 859 maiorem
1296 809 1405 875 pertem
1420 803 1450 856 in

366 893 502 944 tetecum
515 889 739 962 oppositionibus
754 897 784 944 et
796 890 1024 962 responsionibus
1036 891 1179 961 requisitis
1193 892 1334 947 sufficient
1345 890 1399 946 sibi
1413 889 1449 945 ed

365 975 587 1048 respondendum
600 979 742 1048 questioni

294 1064 370 1120 Item
382 1065 544 1120 coneeditur
555 1066 662 1121 Thome
676 1067 774 1121 Butler
786 1070 818 1122 vt
832 1072 862 1121 ll
877 1067 992 1122 termini
1002 1068 1032 1122 in
1041 1067 1146 1139 quibus
1154 1067 1288 1123 lectiones
1296 1065 1450 1122 ordinarias

364 1152 476 1208 audiuit
493 1154 559 1209 lieet
575 1172 631 1208 non
648 1155 762 1208 omnino
781 1153 935 1210 seeundum
954 1155 1074 1210 formem
1092 1157 1194 1212 statuti
1211 1173 1268 1211 vna
1283 1173 1348 1211 oum
1365 1171 1449 1226 eppo

365 1240 514 1296 sitionibus
531 1247 561 1297 et
577 1241 806 1312 responsionibus
822 1243 965 1313 requisitis
977 1243 1119 1298 sufficient
1135 1243 1160 1298 ei
1176 1244 1212 1299 ed
1227 1242 1451 1315 respondendum

364 1330 505 1401 questioni
523 1331 565 1385 ita
582 1330 658 1401 quod
676 1331 737 1385 eius
753 1329 888 1385 admissio
906 1335 965 1386 stet
982 1349 1033 1403 pro
1049 1333 1196 1404 completis
1210 1333 1299 1404 gredu
1315 1336 1346 1387 et
1361 1333 1451 1386 forme

364 1415 611 1473 baoehalaureatus
623 1419 652 1473 in
665 1418 776 1473 artibus
792 1417 874 1473 modo
892 1418 952 1473 eius
971 1419 1093 1475 eruditio
1105 1425 1134 1476 et
1150 1437 1242 1475 mores
1258 1419 1336 1491 prius
1347 1417 1449 1472 exemi-

364 1510 468 1560 nentur
486 1513 515 1560 et
534 1505 726 1577 approbentur
747 1523 798 1576 per
816 1506 964 1576 magistros
986 1507 1075 1563 Peme
1095 1512 1124 1563 et
1145 1508 1298 1580 Dewlynge
1316 1505 1449 1577 quonism

363 1591 520 1661 proximem
530 1590 794 1646 determinationem
806 1591 867 1645 sine
879 1591 1003 1647 maximo
1017 1610 1068 1647 suo
1085 1591 1262 1648 inoommodo
1280 1596 1310 1647 et
1325 1591 1448 1647 sodalitii

363 1676 510 1747 dispendio
521 1677 596 1748 quod
609 1694 659 1748 pro
671 1683 747 1732 oerto
760 1695 834 1732 nune
846 1683 942 1749 sperat
953 1685 1099 1750 expectare
1111 1697 1166 1734 non
1179 1685 1274 1750 potest

294 1765 368 1819 Item
385 1764 618 1820 determinatores
633 1765 740 1836 collegii
759 1765 869 1836 Regalis
887 1765 941 1820 hoe
959 1784 1033 1821 anno
1051 1773 1119 1821 sunt
1136 1766 1245 1821 domini
1264 1764 1408 1820 Hanforde
1419 1769 1449 1818 et

365 1853 472 1908 Ourreu

340 2124 507 2198 Numerus
524 2132 828 2199 beoohaleureorum
854 2134 888 2197 in
913 2135 1038 2200 artibus
1063 2135 1158 2200 iuxta
1180 2134 1401 2200 senioritetem

777 2261 863 2304 enno
888 2242 987 2304 1543ι

452 2393 522 2448 Yele
788 2393 967 2449 Huddleston
1181 2393 1263 2464 Wyer

412 2505 415 2513 Δ
453 2479 596 2536 Hanforde
788 2481 868 2536 Peele
1176 2465 1294 2536 wisan

452 2567 555 2638 'Paylor
784 2567 906 2639 Wryght
1177 2567 1318 2622 Bemurde

451 2655 557 2709 Ourren
785 2655 926 2726 Pereyvell
1178 2655 1294 2711 Raoster

452 2742 568 2798 Weteon
787 2742 862 2798 Kellr
1179 2741 1278 2798 Olerke

453 2831 563 2902 Herrys
787 2832 929 2886 Tauemer
1181 2830 1300 2886 Hustler

452 2919 583 2974 Metoalfe
788 2918 940 2975 Godshell'e
1180 2918 1369 2990 Berthylmew

449 3007 582 3079 Townley
786 3005 886 3061 Ebden
1178 3005 1300 3062 Brookes

450 3095 623 3150 Beamounte
788 3095 889 3149 Enewe
1177 3094 1275 3149 Butler

453 3181 631 3254 Pylkyngton
791 3181 888 3237 Raude

197 3488 217 3548 l.
235 3489 282 3546 ob
687 3484 836 3572 Magistri
858 3483 894 3548 in
915 3483 1041 3550 artibus

296 3642 331 3696 ln
349 3639 449 3712 primis
466 3636 628 3694 oonoeditur
645 3636 750 3691 Joenni
768 3635 936 3708 Rawlynson
954 3641 987 3689 vt
1004 3652 1105 3690 novem
1124 3635 1239 3690 termini
1257 3641 1322 3708 post
1340 3635 1451 3691 finalem

365 3729 426 3783 eius
448 3726 712 3782 determinationem
736 3724 766 3779 in
790 3722 895 3796 quibus
918 3723 1052 3778 lectiones
1080 3722 1235 3778 ordinarias
1262 3721 1374 3778 audiuit
1402 3739 1452 3794 per

367 3819 500 3874 maiorem
520 3820 630 3888 partem
648 3816 678 3870 in
696 3817 758 3870 toto
775 3832 841 3869 oum
858 3814 950 3869 tribus
970 3812 1198 3884 responsionibus
1216 3812 1357 3867 sufficiant
1372 3812 1398 3867 ei
1415 3811 1451 3867 ed

367 3905 558 3979 incipiendum
576 3905 606 3959 in
624 3902 734 3959 artibus

296 3997 402 4053 Eadem
418 3993 509 4066 gratis
525 3991 561 4047 de
576 3991 660 4048 verbo
676 3990 707 4047 in
723 3989 841 4046 verbum
859 3989 1022 4046 mnoeditur
1034 3989 1170 4045 Nioholao
1183 3987 1326 4061 Grynwsll
1337 3987 1452 4043 domino

367 4083 468 4140 Stolres
485 4084 516 4136 et
534 4079 605 4135 ldeu

297 4175 372 4229 Item
381 4169 544 4226 eonceditur
552 4169 666 4224 domino
679 4167 763 4224 Gerre
776 4172 808 4223 vt
817 4183 918 4223 novem
927 4165 1042 4222 termini
1054 4171 1119 4236 post
1128 4164 1240 4220 linslem
1251 4164 1312 4220 eius
1322 4161 1453 4220 determi-

321 4345 330 4377 ¹
347 4343 431 4394 These
442 4355 532 4394 names
543 4355 586 4392 ere
596 4341 700 4392 written
711 4353 800 4392 aoross
812 4339 857 4390 the
868 4339 970 4389 bottom
981 4339 1009 4387 ol
1021 4338 1054 4390 lo.
1069 4338 1108 4388 ta
1118 4350 1148 4387 as
1160 4336 1235 4386 those
1246 4349 1281 4385 on
1292 4349 1318 4398 p.
1331 4335 1347 4383 4
1358 4338 1427 4385 ante.
