3408 5116
206 366 369 453 1581-82]
641 387 755 435 onnon
777 386 872 435 10011
893 388 916 435 Δ

657 1069 905 1153 [resi-1582]

202 1283 323 1350 Gratiae
349 1286 417 1350 sive
447 1284 627 1371 peticiones
652 1308 801 1352 concesse
831 1287 866 1351 in
896 1287 993 1372 plena
1019 1285 1269 1372 congregacione
1300 1285 1363 1350 Re-

289 1391 437 1474 gentium
473 1399 507 1455 et
542 1412 606 1454 non
639 1389 840 1476 Regentium
874 1414 894 1453 a
927 1391 1009 1455 festo
1043 1389 1158 1455 Sancti
1195 1389 1363 1454 Michaelis

289 1494 487 1582 Archangeli
520 1517 606 1560 anuo
640 1495 763 1560 domini
795 1499 878 1560 1581
911 1517 1011 1581 vsque
1041 1495 1128 1562 idem
1159 1497 1277 1562 festum
1308 1518 1363 1560 ex-

223 1669 224 1674 *
290 1607 369 1664 tuno
389 1601 535 1686 proxime
555 1622 694 1688 sequens
715 1601 869 1686 magistro
888 1601 944 1664 W⁰
962 1601 1068 1666 Fullre
1089 1623 1176 1667 sacre
1200 1601 1363 1688 theologie

290 1705 468 1788 professore
495 1704 743 1790 procancellario
770 1713 804 1769 et
831 1705 994 1790 magistris
1018 1703 1170 1771 Johanne
1195 1705 1302 1791 Jegou
1329 1714 1364 1770 et

292 1807 435 1874 Roherto
457 1810 587 1894 Lylesse
608 1809 871 1894 procuratoribus
891 1819 926 1874 et
945 1809 996 1876 Jo.
1012 1811 1118 1896 Amye
1139 1819 1173 1876 et
1191 1809 1247 1874 W⁰
1262 1810 1363 1875 Stone

289 1913 492 1978 narratoribus
523 1921 558 1977 et
590 1912 733 1978 Henrico
764 1913 877 1999 Hayes
907 1923 941 1978 et
972 1913 1099 1978 Greeks
1129 1913 1363 1978 scrutatoribus

290 2025 324 2081 et
347 2017 476 2083 Mattho
500 2016 622 2102 Stokys
645 2017 832 2104 registrario

202 2222 372 2279 Conceditur
395 2227 428 2278 12
450 2221 581 2278 Octobris
601 2227 635 2278 vt
655 2221 788 2277 dominus
808 2221 1051 2277 vicecancellarius
1071 2221 1200 2277 doctores
1222 2221 1361 2278 Howland

272 2311 343 2366 Yale
361 2315 391 2365 et
413 2308 540 2365 Hatcher
559 2314 588 2364 et
609 2310 735 2380 magn'stri
757 2309 878 2380 Tyndall
899 2313 929 2364 et
947 2308 1080 2364 dominus
1102 2309 1242 2364 Robertue
1262 2310 1362 2365 Comes

274 2399 447 2454 Essexiensis
465 2399 524 2453 sint
542 2405 628 2469 caput
646 2402 762 2452 senatus
779 2398 869 2452 futuri
887 2398 954 2452 anui

203 2486 276 2542 (lum
294 2491 327 2542 12
345 2484 475 2542 Octobris
494 2489 560 2541 1581
579 2486 774 2556 quinqueviri
791 2486 871 2540 iuxta
886 2487 1006 2541 formam
1023 2486 1126 2540 statuti
1143 2485 1209 2542 inde
1225 2485 1294 2540 editi
1311 2502 1361 2556 pro

273 2576 365 2646 capito
389 2579 505 2630 mustus
529 2575 668 2628 nominati
692 2574 814 2628 ferissent
834 2578 864 2628 et
884 2591 957 2628 vnue
977 2591 1075 2629 eorum
1096 2573 1166 2629 illud
1188 2591 1259 2628 onus
1280 2575 1310 2628 in
1331 2591 1362 2629 se

273 2663 395 2735 recipere
419 2669 573 2734 antequam
597 2679 693 2716 eorum
719 2663 876 2717 nominacio
901 2662 929 2716 11
954 2667 1055 2717 senatu
1080 2680 1130 2734 per
1154 2661 1275 2716 alterum
1299 2680 1361 2732 pro-

273 2755 431 2806 curatorem
452 2751 678 2822 promulgaretur
698 2750 870 2804 recusaverit
890 2750 1002 2820 questio
1021 2757 1084 2804 orta
1103 2756 1148 2805 est
1166 2768 1203 2804 an
1223 2768 1312 2805 novus
1331 2751 1360 2804 in

273 2840 429 2894 recusantis
445 2837 538 2893 locum
555 2838 718 2908 eligentium
737 2838 851 2909 punctis
867 2837 990 2892 secundo
1006 2837 1205 2908 subrogaretur
1221 2856 1257 2893 an
1274 2839 1361 2893 maxi·

272 2945 336 2982 mus
360 2927 452 2981 senior
475 2927 537 2981 eius
554 2925 660 2980 ordinis
678 2925 737 2980 sive
756 2925 901 2980 facultatis
919 2925 1140 2981 substitueretur
1177 2931 1211 2981 20
1232 2926 1362 2982 Octobris

274 3019 340 3070 1581
357 3031 407 3084 per
421 3015 685 3085 interpretacionem
701 3013 808 3068 domini
825 3013 947 3068 doctoris
966 3015 1053 3069 Peme
1065 3015 1283 3070 vicecancellarii
1299 3016 1362 3070 doc-

273 3109 368 3158 torum
390 3101 524 3157 Haviord
547 3102 636 3156 Fullre
657 3101 737 3156 Goad
758 3102 883 3172 Norgate
905 3103 1003 3173 Harvy
1023 3107 1052 3156 et
1075 3102 1163 3173 [egge
1184 3113 1214 3158 et
1235 3105 1362 3174 magistri

272 3191 392 3263 Tyndall
419 3189 580 3245 huiusmodi
604 3189 748 3245 dubitaoio
773 3189 885 3243 sublata
908 3195 953 3244 est
976 3188 1227 3245 determinantium
1254 3189 1502 3250 0011100111351

271 3296 375 3333 novum
388 3278 552 3348 eligentium
564 3277 678 3347 punctis
690 3276 784 3330 denuo
796 3276 997 3345 assignandum
1010 3277 1068 3332 fore
1081 3278 1217 3348 quamdiu
1232 3296 1362 3348 procura·

271 3373 346 3422 tores
366 3367 529 3422 electionem
553 3366 583 3419 in
605 3371 707 3420 senatu
729 3383 786 3419 non
808 3365 1028 3435 significaverint
1047 3365 1096 3420 scd
1116 3369 1182 3437 post
1201 3365 1362 3422 huiusmodi

271 3455 504 3526 significacionern
525 3453 646 3508 maxime
664 3454 803 3507 seniorem
822 3469 882 3506 esse
900 3452 1133 3508 substituendum

202 3545 244 3599 Ex
263 3545 323 3599 coll.
346 3545 421 3598 Petri
463 3543 634 3598 Conceditur
656 3546 689 3597 13
712 3543 780 3597 Maii
805 3546 870 3596 1581
894 3541 1056 3596 Abrahamo
1078 3542 1214 3614 Flemyng
1236 3541 1311 3597 Petri
1330 3548 1362 3597 vt

274 3631 432 3686 1210111111
451 3631 583 3702 completi
602 3629 753 3700 inquibus
771 3630 905 3684 lectiones
923 3630 1077 3685 ordinarias
1093 3631 1203 3686 audivit
1221 3631 1287 3685 licet
1304 3649 1360 3684 non

271 3721 386 3774 omnino
399 3720 554 3774 secundum
566 3719 685 3774 formam
698 3719 800 3773 statuti
817 3736 882 3772 cum
898 3719 1122 3790 oppositionibus
1135 3719 1361 3791 responsionibus

271 3813 301 3864 et
316 3809 381 3862 aliis
398 3807 537 3862 exercitiis
553 3825 603 3878 per
620 3812 731 3862 statuta
747 3798 821 3877 regia
837 3807 981 3877 requisitis
997 3807 1139 3861 sufficiant
1154 3808 1180 3863 ai
1196 3807 1232 3862 ad
1249 3825 1360 3879 respon-

272 3895 396 3952 dendum
415 3895 558 3966 questioni

201 3986 219 4040 J
221 4004 271 4041 esu
307 3985 414 4040 Eadem
426 3984 518 4054 gratia
529 3983 693 4038 conceditur
705 3987 739 4038 26
753 3982 821 4037 Μ111
834 3981 931 4038 eodem
944 3999 1020 4037 anno
1032 3982 1130 4038 Frauc.
1145 3983 1301 4053 sagonen

202 4074 283 4146 Oorp.
297 4073 405 4129 Christi
442 4073 480 4126 Et
493 4077 527 4126 20
540 4071 670 4128 Octobris
684 4071 751 4128 Rob.
766 4071 868 4142 Smyth
882 4071 1013 4142 Corporis
1026 4070 1131 4124 Christi

202 4162 309 4216 Eadem
330 4163 420 4232 gratia
442 4159 606 4215 conceditur
624 4177 657 4214 ex
677 4159 791 4229 collegio
811 4157 961 4212 Trinitatis
983 4158 1090 4227 Rogero
1108 4157 1224 4212 Weston
1247 4157 1358 4215 Humfr.

273 4250 422 4321 Munnyng
441 4247 565 4304 Lionello
583 4247 682 4302 Foster
700 4247 748 4302 W⁰
767 4247 863 4300 Moore
880 4246 923 4300 Jo.
945 4245 1063 4317 Laylyld
1084 4246 1130 4299 W⁰
1148 4245 1278 4302 Whittell
1301 4249 1358 4302 1110,

275 4337 383 4392 Reader
401 4337 543 4392 Salomoni
562 4336 685 4406 Sntclyff
701 4336 785 4390 Rowl.
805 4335 907 4407 Huysh
921 4335 1014 4392 Oarol.
1035 4334 1226 4390 Humberston
1242 4334 1286 4391 lo.
1300 4336 1360 4392 Η111
