3394 5114
195 339 359 424 1570-71]
630 355 743 404 osnes
768 355 858 402 soon
882 355 904 401 a
1286 337 1349 401 249

196 513 366 569 Conceditur
385 512 568 569 9‘Februarii
588 518 621 568 vt
637 512 769 567 dominus
789 512 1031 567 vicecancellarius
1047 517 1077 566 et
1095 511 1201 566 domini
1222 529 1351 582 procura·

266 609 343 656 tores
368 601 479 672 possint
505 605 598 654 vestra
622 598 793 656 auctoritate
816 602 912 670 petere
934 599 1067 668 colligere*
1085 606 1115 652 et
1139 598 1232 652 levare
1255 614 1352 652 omncs

266 691 449 760 pecuniarum
482 707 609 746 summas
633 686 745 744 debitas
769 687 911 743 academie
934 692 963 742 et
987 687 1043 742 alia
1066 704 1233 757 quecunque
1256 685 1352 741 debita

265 784 316 832 aut
332 779 356 832 si
374 777 431 834 illis
447 777 627 834 commodum
646 776 789 832 videbitur
806 776 902 847 aliquo
920 777 976 831 alio
994 775 1077 831 medo
1095 792 1159 830 cum
1178 772 1352 830 debitoribus

266 883 430 938 componere
442 873 472 922 et
484 885 569 938 super
583 866 704 938 receptis
720 865 930 936 acquietanzias
946 865 1014 920 dare
1030 869 1123 920 vestro
1141 864 1254 918 nomine
1271 867 1300 917 et
1316 861 1353 916 ad

267 956 403 1025 premissa
427 955 585 1026 peragenda
610 955 706 1010 literas
731 953 854 1008 habeant
875 955 1082 1025 procuratorias
1105 953 1242 1023 sigillatas
1262 950 1353 1020 sigillo

267 1046 361 1096 vestro
382 1043 525 1097 communi
548 1061 602 1096 vna
623 1059 687 1096 cum
713 1041 842 1112 expensis
866 1041 1019 1096 allocandis
1043 1059 1093 1112 per
1116 1039 1259 1094 auditores
1283 1037 1353 1092 ciete

267 1132 425 1185 communis

197 1215 366 1272 Conceditur
387 1218 437 1289 vj²⁰
458 1219 565 1290 Aprilis
588 1218 722 1288 magistro
746 1217 821 1271 Eds.
846 1216 973 1271 Harisbie
994 1234 1071 1270 sacre
1092 1215 1230 1286 theologis
1253 1215 1351 1269 bacha-

266 1304 361 1360 laureo
378 1313 409 1360 vt
427 1305 528 1361 habeat
545 1306 641 1360 literas
658 1303 861 1358 testimoniales
881 1305 1101 1370 conversationis
1116 1307 1145 1358 et
1159 1302 1262 1374 gradirs
1278 1301 1352 1372 sigil-

268 1393 340 1447 latss
352 1394 442 1464 sigillo
456 1399 548 1448 vestro
560 1392 701 1448 communi

198 1480 369 1536 Conceditur
387 1485 418 1539 17
436 1481 581 1537 Februarii
598 1483 631 1535 vt
647 1481 781 1550 magister
797 1479 955 1535 Willelmus
973 1480 1074 1550 Lewyn
1092 1485 1185 1535 vestra
1202 1478 1274 1533 bona
1288 1473 1384 1533 cumll
1404 1473 1460 1530 105
1476 1473 1495 1527 b

272 1569 354 1624 venia
371 1570 486 1642 impune
505 1570 580 1625 absit
600 1587 686 1640 vsque
704 1569 740 1624 ad
758 1570 886 1641 proxima
904 1569 1019 1623 comitia
1035 1569 1164 1624 estivalis
1181 1568 1259 1622 salvo
1276 1567 1353 1621 omni

269 1659 329 1712 iure
340 1663 369 1713 ct
381 1660 527 1714 commodo
538 1660 654 1715 oratorii
670 1659 794 1714 muneris
806 1659 846 1712 sic
860 1664 890 1713 vt
903 1657 1060 1713 substituat
1071 1657 1201 1712 idoneum
1218 1656 1353 1711 vicarium

269 1747 348 1802 iuxta
359 1748 478 1802 formam
491 1749 593 1804 statuti

198 1834 369 1889 Conceditur
381 1834 443 1906 viij⁰
454 1835 471 1890 J
474 1836 533 1890 unii
547 1840 579 1892 vt
592 1836 656 1891 bine
668 1836 930 1907 responsionesque
945 1841 1054 1890 restant
1069 1853 1103 1891 er
1120 1834 1176 1890 hiis
1190 1834 1301 1889 actibus
1317 1832 1353 1887 ad

269 1940 340 1994 quos
351 1927 465 1979 tenetur
476 1924 574 1979 docter
587 1925 683 1997 Bynge
695 1925 802 1979 ratione
814 1923 918 1994 gradus
934 1925 1058 1996 suseepti
1077 1923 1187 1996 possint
1202 1922 1306 1977 differri
1324 1923 1352 1976 in

269 2010 426 2082 proximum
447 2029 553 2066 anuum
574 2011 616 2065 ita
634 2016 666 2065 vt
683 2009 737 2065 uisi
756 2028 804 2064 eas
824 2015 885 2065 tum
905 2011 1052 2082 perfecerit
1071 2009 1214 2066 academie
1230 2015 1353 2064 veterem

268 2099 428 2156 cautionem
439 2102 580 2173 persolvat

199 2192 369 2248 Conceditur
385 2197 418 2247 15
433 2193 451 2248 J
454 2193 513 2248 unii
531 2197 563 2250 vt
579 2193 659 2249 litere
673 2193 745 2248 lecte
759 2193 922 2248 deferantur
936 2197 966 2247 et
982 2192 1133 2247 tradantur
1149 2209 1198 2263 per
1211 2191 1353 2246 doctorem

270 2281 355 2336 Ithell
368 2283 411 2338 rel
425 2284 521 2355 Bynge
532 2301 619 2339 vnum
632 2286 846 2355 prostratorum
858 2287 888 2337 et
901 2300 988 2337 vnum
1005 2281 1175 2337 bedellos-um
1190 2284 1221 2336 et
1234 2297 1354 2352 expense

270 2373 329 2424 tam
342 2370 443 2425 horum
455 2389 541 2442 quam
555 2389 652 2426 omues
667 2371 720 2426 alie
736 2388 857 2442 expense
873 2371 947 2425 facte
963 2373 993 2425 et
1010 2370 1100 2425 flenda
1116 2369 1189 2425 circa
1205 2369 1257 2423 hoc
1272 2386 1353 2438 nego·

269 2459 344 2513 cium
366 2459 574 2532 privilegiorum
596 2459 856 2532 consequendorum
875 2464 905 2515 et
925 2459 1180 2514 confirmandorum
1198 2458 1354 2513 alloecntur

269 2565 319 2618 per
330 2547 457 2604 doctores
470 2549 604 2605 Hawt'ord
617 2549 778 2605 Chaderton
792 2549 908 2621 Harvye
919 2552 949 2603 et
962 2548 1129 2619 magistrum
1142 2546 1268 2619 Shepard

200 2635 369 2691 Conceditur
389 2642 406 2692 6
427 2637 496 2692 Julii
518 2638 653 2709 magistro
671 2637 765 2692 Whall
784 2642 816 2691 vt
833 2654 895 2692 eam
914 2637 1036 2691 retineat
1054 2635 1246 2691 senioritatcm
1267 2651 1353 2706 quam

269 2729 351 2795 pater
362 2725 517 2796 assignavit
528 2725 558 2779 in
571 2723 707 2796 proximis
718 2725 841 2780 comitiis
854 2724 995 2795 preteritis

200 2813 371 2869 Conceditur
389 2819 425 2870 30
443 2815 566 2886 Augusti
586 2820 618 2870 vt
639 2814 848 2869 honoratissimi
871 2815 923 2870 viri
945 2821 975 2870 et
997 2813 1103 2870 domini
1125 2812 1256 2868 dominus
1277 2813 1352 2868 Edw.
1367 2825 1410 2886 020

270 2901 371 2957 Comes
384 2902 505 2957 Her-loni
518 2902 544 2957 d.
559 2903 681 2958 Thomas
695 2903 856 2957 Buckhurst
869 2902 895 2956 d.
910 2902 1026 2957 Carolus
1040 2901 1162 2956 Howcrd
1174 2901 1254 2956 miles
1266 2900 1353 2956 domi·

270 3007 324 3044 uiis
341 2990 475 3060 Georgius
492 2991 587 3046 Carew
604 2991 685 3045 miles
700 2998 730 3045 et
747 2991 881 3062 magister
897 2990 1020 3045 Thomas
1037 2988 1123 3044 Cecill
1141 2993 1308 3061 cooptentur
1325 2991 1353 3044 in

270 3077 396 3132 ordinem
416 3079 613 3150 magistrorum
636 3079 663 3132 in
686 3077 795 3133 artibus
816 3079 858 3133 sic
879 3085 911 3133 vt
933 3095 989 3132 uon
1009 3082 1154 3133 arctentur
1174 3077 1210 3132 ad
1230 3078 1354 3148 aliquam

270 3167 456 3221 ceremoniam
468 3168 581 3222 solitam
594 3166 736 3222 observari
748 3167 784 3222 ab
797 3165 999 3238 incipientibus
1011 3166 1040 3220 in
1053 3165 1150 3221 eadem
1162 3166 1354 3222 facultatcsed

271 3257 384 3308 tantum
408 3253 600 3309 admittantur
622 3253 658 3308 ad
683 3254 819 3325 placitum
840 3254 881 3308 sic
903 3257 935 3306 vt
955 3253 1126 3324 promittant
1147 3252 1354 3308 observantiam

270 3342 480 3413 privilegiorum
498 3347 527 3396 et
545 3341 780 3396 consuetudinum
798 3342 884 3396 huius
902 3341 1097 3397 uniuersitatis
1114 3341 1333 3413 approbatarum

201 3426 370 3482 Conceditur
386 3428 521 3498 magistro
536 3429 604 3483 Tho.
620 3428 735 3500 Wylson
754 3429 869 3499 Reginis
885 3429 1028 3484 maiestati
1044 3447 1062 3484 a
1077 3429 1237 3500 supplicum
1253 3428 1355 3484 libellis

270 3517 341 3572 etin
354 3517 496 3572 academia
509 3517 667 3572 Ferrareusi
681 3518 829 3589 vtriusque
837 3516 911 3588 juris
925 3517 1032 3572 doctori
1051 3521 1083 3572 vt
1098 3517 1137 3571 sit
1154 3516 1200 3573 hic
1215 3517 1290 3590 apud
1306 3537 1355 3573 voe

271 3605 300 3660 in
313 3604 429 3660 eliadam
441 3605 529 3677 gradu
542 3607 631 3661 forma
643 3606 740 3662 ordine
754 3610 783 3662 et
795 3624 869 3661 anno
884 3606 988 3677 quibus
1003 3606 1059 3662 luit
1074 3606 1103 3661 in
1120 3606 1196 3662 dicta
1212 3607 1356 3663 academia

272 3695 431 3750 Ferrarensi

201 3783 284 3839 Mem.
298 3783 374 3855 quod
386 3801 483 3839 omnes
495 3784 614 3856 predicti
628 3786 657 3840 in
670 3784 783 3857 publico
796 3791 896 3839 senatu
909 3785 939 3839 in
952 3785 1094 3856 presentia
1106 3784 1212 3841 domini
1223 3787 1355 3858 Burghlie

270 3872 435 3928 Cancellarii
448 3878 477 3928 et
489 3873 668 3929 dominorum
680 3872 836 3944 legatorum
854 3890 904 3927 ceu
923 3877 1065 3927 oratorum
1085 3873 1168 3944 Regis
1183 3874 1355 3931 Francorum

271 3963 427 4032 presentati
445 3966 514 4018 sunt
532 3981 582 4034 per
599 3962 742 4019 doctorem
762 3963 851 4017 Perse
869 3967 898 4016 et
915 3961 1032 4016 admissi
1051 3979 1101 4033 per
1119 3961 1264 4017 dominum
1284 3963 1355 4018 vice-

271 4049 467 4104 cancellarium
492 4051 646 4106 secuudum
671 4051 903 4106 consuetudinem
928 4049 1108 4122 preeentaudi
1133 4054 1163 4105 et
1185 4051 1354 4108 admittendi

270 4139 406 4193 usitatam

201 4227 370 4283 Conceditur
381 4227 479 4282 eodem
495 4229 629 4298 magistro
643 4227 754 4301 [blank]
771 4227 879 4283 Master
894 4228 1009 4298 Reginis
1027 4229 1185 4284 maiestatis
1204 4229 1311 4285 medico
1325 4231 1355 4285 iu

270 4316 414 4372 academia
426 4315 577 4372 Oxcnieusi
596 4317 732 4373 medicine
746 4318 854 4373 doctori
870 4322 902 4372 vt
917 4316 955 4373 sit
972 4317 1017 4371 hic
1033 4317 1109 4389 apud
1127 4336 1176 4373 ves
1192 4319 1221 4373 in
1240 4320 1355 4375 eiisdem

271 4403 359 4475 gradu
371 4404 467 4460 ordine
480 4409 510 4460 et
521 4423 596 4461 anuo
608 4405 711 4477 quibus
723 4407 779 4462 fuit
791 4405 821 4461 iu
834 4406 912 4461 dicta
923 4405 1066 4461 academia
1079 4406 1229 4462 Oxcniensi
