3378 5116
202 338 374 422 1553-54]
648 355 762 405 aaron
784 357 876 406 soon
901 356 924 404 a
1326 347 1368 410 93

204 509 451 567 Determinatores
462 511 569 583 collegii
585 511 697 583 Regalis
714 513 765 567 hoc
778 530 853 568 anno
865 512 970 584 quibus
985 514 1064 570 nulia
1075 516 1131 572 fuit
1147 517 1238 588 gratia
1249 535 1301 573 nec
1312 517 1369 573 vlla

279 617 411 655 consessa
423 599 596 672 dispensatio
608 599 716 655 domini
730 601 838 656 Master
850 600 958 672 Sharpe
970 601 1055 658 Skott
1068 602 1180 659 Cordall
1192 604 1220 658 N
1220 604 1273 660 okc

206 686 284 742 Item
301 687 465 744 conceditur
485 687 622 744 Willelmo
641 687 757 760 Kyrbye
775 694 807 744 vt
824 693 841 743 8
857 690 971 744 termini
991 697 1056 761 post
1074 690 1186 747 finalem
1203 692 1264 747 eius
1280 693 1369 748 deter-

281 776 465 832 minationem
482 777 512 832 in
529 777 633 848 quibus
648 777 782 833 lectiones
799 777 956 832 ordinarias
973 777 1084 834 audiuit
1100 779 1166 835 licet
1182 797 1238 835 non
1255 781 1369 836 omnino

280 866 435 922 secundum
453 867 573 922 sormam
589 868 691 922 statuti
711 885 775 922 cum
794 865 1019 938 oppositionibus
1037 872 1066 921 et
1084 869 1310 939 responsionibus
1328 889 1370 925 re·

280 956 396 1026 quisitis
415 957 557 1012 sufficiant
578 957 603 1011 ei
625 956 661 1011 ad
681 956 802 1011 finaliter·
820 955 1065 1011 determinandum
1084 975 1149 1013 cum
1168 959 1268 1014 ceteris
1286 960 1371 1015 huius

282 1045 350 1098 anni
370 1042 637 1099 determinatoribus
683 1043 729 1098 Ita
747 1043 822 1115 quod
838 1043 899 1098 sius
915 1042 1035 1097 eruditio
1051 1044 1130 1116 prius
1147 1047 1324 1103 examinetur
1341 1054 1371 1103 et

280 1132 453 1204 approbetur
469 1150 519 1204 por
533 1132 662 1187 dominos
678 1137 871 1203 procuratores
889 1137 919 1186 et
936 1132 1141 1189 examinatores
1159 1134 1244 1190 huius
1262 1137 1328 1190 anni

205 1221 287 1276 Item
306 1221 470 1276 conceditur
490 1221 630 1276 Richardo
649 1220 806 1276 Mulkaster
824 1226 855 1274 vt
875 1223 907 1274 ln
930 1219 1044 1275 termini
1064 1220 1216 1292 inquibus
1237 1223 1370 1280 lectiones

282 1306 438 1362 ordinarias
455 1306 567 1361 audiuit
585 1305 652 1362 licet
670 1325 725 1362 non
744 1306 860 1361 omuino
878 1305 1032 1361 secundum
1049 1308 1168 1364 formam
1187 1312 1290 1366 statuti
1305 1330 1369 1367 oum

283 1394 506 1466 oppositionibus
517 1401 547 1449 et
559 1395 787 1466 responsionibus
804 1395 948 1466 requisitis
964 1396 1105 1450 sufficiant
1118 1399 1142 1452 oi
1161 1417 1211 1470 pro
1223 1402 1370 1472 completis

284 1481 374 1553 gradu
384 1486 414 1537 st
426 1482 517 1537 forma
528 1482 776 1539 baschalaureatus
789 1484 818 1538 in
835 1483 945 1539 artibus
956 1483 997 1538 sic
1013 1491 1046 1538 vt
1057 1485 1118 1540 eius
1134 1488 1256 1543 eruditio
1268 1490 1369 1545 exami-

284 1576 369 1627 netur
380 1577 409 1626 et
421 1572 592 1642 approbetur
603 1591 654 1644 per
669 1573 798 1628 dominos
814 1577 1007 1644 procuratores
1021 1577 1051 1628 et
1068 1577 1272 1634 examinatores
1286 1579 1370 1635 huius

283 1660 352 1714 anni
387 1657 427 1715 Et
438 1665 496 1716 stet
509 1679 572 1716 cum
586 1663 686 1717 ceteris
698 1661 893 1733 questionistis
905 1663 935 1717 in
947 1662 1162 1734 quadragesima
1173 1668 1300 1738 proxima

248 1995 418 2061 Numerus
441 1995 746 2065 bacchalaureorum
770 2000 866 2064 istius
888 2000 967 2065 anni
989 2001 1082 2066 iuxta
1104 2005 1326 2070 senioritatem

305 2209 439 2280 ¹Wryght
722 2211 834 2281 Agsrds
1019 2212 1195 2268 Richardson
1208 2214 1237 2281 (J
1239 2217 1314 2284 esus)

321 2297 427 2352 Master
722 2299 842 2370 Ryselye
1019 2300 1198 2373 Cartwryght

321 2386 423 2442 Betson
722 2388 830 2460 Brysko
1022 2390 1104 2445 Noke

321 2475 423 2529 Rsmss
721 2474 888 2547 Whytgyfte
1019 2476 1172 2532 biulcastsr

322 2561 439 2633 Kyrbye
724 2563 812 2634 Berye
1021 2565 1168 2620 Acworthe

321 2648 391 2704 Ideli
722 2650 817 2706 Oreste
1019 2653 1120 2707 Totam

321 2737 420 2792 Carter
723 2739 803 2793 Scott
1020 2739 1111 2794 Huett

322 2827 444 2900 Puryiys
722 2828 914 2884 Wentworthe
1020 2828 1114 2884 Fuller

321 2915 473 2972 Nicholson
721 2917 839 2973 Warren
1019 2918 1132 2973 Walker

321 3005 402 3077 Hays
722 3005 792 3076 Hyll
1019 3005 1120 3076 Kynge

321 3093 401 3148 Swsn
721 3092 811 3164 Alvey
1018 3092 1111 3148 Baker

321 3183 421 3238 Bolton
723 3181 911 3237 Knasborowe
1018 3181 1168 3253 Robynsou

322 3271 493 3327 Richardsou
507 3273 637 3342 (Christi)
720 3271 839 3343 Smythe
852 3271 940 3342 (Joh.)
1019 3271 1138 3342 Smytbe
1151 3273 1264 3345 (Gonu.)

324 3359 431 3432 Sharps
725 3359 837 3416 Cordall
1020 3359 1131 3415 Wattes

323 3447 470 3519 Fyrbanke
723 3447 841 3504 Grafton
1019 3447 1193 3520 Wylkynsou

324 3535 500 3608 Pyclrerynge
723 3537 818 3608 Couye
1018 3536 1140 3608 Jesoppe

1060 3628 1094 3678 48

265 3817 273 3848 ¹
293 3817 376 3868 These
388 3832 478 3868 names
494 3835 538 3869 ora
549 3820 650 3871 written
666 3821 694 3870 in
711 3837 760 3872 one
774 3822 879 3872 column
895 3822 975 3885 along
991 3822 1036 3874 the
1052 3823 1151 3874 bottom
1169 3826 1198 3876 of
1213 3825 1230 3878 f.
1245 3829 1277 3877 36
1289 3827 1305 3877 b
1319 3829 1371 3880 and

212 3905 246 3954 37
259 3915 285 3951 a.
