3394 5114
776 361 890 408 ossen
914 361 1006 409 eoos
1028 363 1052 409 Δ
1334 350 1498 433 [156465

227 742 247 799 s·
263 743 301 800 82
315 761 334 799 ὃ
685 755 915 820 Bacchelaurei
940 756 972 819 in
998 757 1163 842 theologia

344 939 514 996 Conceditur
527 946 563 997 30
578 943 674 997 Martii
690 942 824 1012 magistro
841 942 938 1012 Georg.
957 941 1095 997 Gsrdiner
1112 947 1143 998 vt
1160 943 1287 998 studium
1303 944 1340 1014 vij
1360 961 1496 999 annorum

413 1029 442 1082 in
455 1029 595 1100 theologia
606 1035 756 1101 postquem
772 1030 875 1085 rexerit
891 1029 921 1083 in
937 1029 1048 1084 artibus
1064 1048 1128 1085 cum
1144 1031 1369 1102 oppositionibus
1385 1049 1497 1104 respon·

412 1116 539 1171 sionibus
562 1116 738 1172 sermonibus
761 1123 790 1172 et
815 1117 879 1171 eliis
899 1117 1039 1172 exercitiis
1058 1135 1109 1189 per
1129 1123 1239 1173 statute
1258 1120 1333 1190 regie
1354 1119 1497 1190 requisitis

411 1205 587 1274 perficiendis
600 1205 673 1260 infra
684 1223 791 1260 annum
804 1211 869 1276 post
881 1205 942 1260 eius
954 1205 1154 1260 admissionem
1167 1205 1222 1261 sub
1234 1225 1307 1278 pens
1319 1207 1385 1277 viijss
1394 1225 1497 1279 ponen-

411 1293 510 1347 derum
531 1295 560 1348 in
581 1293 712 1348 menibus
728 1300 942 1365 procuratorum
958 1298 1026 1347 ente
1041 1295 1102 1348 eius
1116 1294 1317 1350 admissionem
1333 1296 1455 1350 sufficiet
1470 1297 1496 1350 ei

411 1387 471 1436 tem
484 1381 520 1436 ed
533 1381 730 1453 opponendum
745 1399 831 1452 quem
844 1382 880 1437 ed
893 1381 1056 1436 intrandum
1069 1383 1099 1437 in
1111 1401 1191 1438 secra
1207 1383 1347 1454 theologis
1382 1383 1495 1438 Admis-

411 1485 460 1523 sus
472 1469 571 1524 vltimo
583 1470 600 1524 J
603 1471 662 1525 unii

341 1556 511 1612 Conceditur
527 1562 560 1614 13
571 1559 679 1630 Aprilis
697 1559 831 1629 magistro
848 1558 928 1613 Edm.
945 1558 1102 1614 Sherbroke
1120 1566 1151 1615 vt
1166 1561 1294 1615 studium
1311 1561 1338 1631 vj
1356 1578 1494 1616 annorum

411 1647 440 1702 in
466 1647 605 1718 theologie
629 1653 780 1720 postquem
805 1649 907 1703 rexerit
931 1649 960 1702 in
981 1647 1090 1704 artibus
1111 1666 1175 1703 cum
1201 1649 1426 1721 oppositionibus
1449 1655 1494 1704 etc

410 1735 588 1806 perficiendis
606 1741 673 1791 ente
691 1738 796 1792 festum
817 1737 995 1792 Pentecostes
1013 1738 1171 1808 proximum
1190 1737 1244 1792 sub
1262 1755 1335 1809 pene
1349 1747 1375 1792 c·
1391 1755 1495 1810 ponen-

409 1823 510 1879 dorum
529 1830 574 1879 etc
594 1825 714 1880 sufficiet
731 1826 755 1879 ei
774 1831 833 1879 tom
850 1824 886 1879 ed
903 1825 1100 1895 opponendum
1120 1843 1206 1896 quem
1225 1817 1261 1880 ed
1280 1825 1445 1881 intrandum
1465 1826 1495 1880 in

409 1930 489 1967 secra
500 1913 640 1984 theologie

318 2019 323 2027 ·
339 1999 444 2055 Eadem
456 2001 547 2072 gretie
558 2001 721 2056 conceditur
732 2000 829 2055 eodem
842 2001 976 2071 magistro
988 2001 1005 2055 J
1009 2001 1051 2055 bo.
1066 2001 1191 2072 'l'wydell
1207 2001 1218 2074 [
1221 2044 1286 2059 ......
1289 2001 1300 2074 ]
1317 1999 1494 2074 perficiendis

410 2094 477 2143 ente
488 2089 602 2144 comitis
614 2091 740 2160 proxime
752 2089 806 2144 sub
818 2107 890 2160 pene
903 2089 946 2161 vj¹¹
959 2095 1003 2144 etc

342 2179 415 2232 Item
432 2179 566 2249 magistro
583 2178 629 2231 W⁰
646 2179 725 2234 Hues
743 2197 806 2233 oum
823 2178 918 2233 studio
935 2179 1060 2250 quinque
1078 2195 1215 2234 ennomm
1232 2179 1409 2252 perficiendis
1426 2183 1494 2234 ente

411 2269 525 2322 comitis
537 2267 663 2338 proxime
674 2266 728 2322 sub
740 2285 813 2338 penu
824 2277 849 2321 c·
861 2273 906 2322 stc
943 2267 1067 2322 Admissi
1081 2266 1178 2322 eodem

340 2356 446 2412 Eadem
458 2358 548 2426 gretie
560 2356 721 2411 conceditur
737 2361 768 2409 15
781 2355 798 2409 J
802 2356 860 2410 unii
873 2357 1007 2425 magistro
1021 2356 1118 2410 Franc.
1131 2357 1310 2427 Dorryngton
1323 2374 1388 2411 oum
1398 2355 1493 2411 studio

410 2445 436 2515 vj
456 2463 594 2500 annorum
613 2444 788 2517 perficiendis
806 2445 880 2499 infre
900 2463 1006 2500 annum
1026 2462 1076 2500 sue
1093 2445 1273 2500 admissionis
1293 2444 1347 2501 sub
1367 2463 1439 2517 pene
1459 2444 1493 2499 1¹¹

411 2535 485 2589 item
498 2534 595 2589 eodem
607 2535 743 2604 megistro
756 2533 878 2587 Henrioo
889 2533 1026 2588 Dethioke
1039 2551 1103 2588 cum
1116 2533 1211 2588 studio
1221 2551 1385 2590 vannorum
1398 2539 1428 2589 et
1439 2533 1493 2588 sub

409 2623 505 2677 eedem
519 2640 631 2677 summe
642 2623 716 2677 inire
728 2639 835 2676 annum
847 2640 897 2676 sue
909 2620 1089 2676 admissionis
1124 2620 1274 2676 Admissus
1286 2621 1388 2676 vltimo
1398 2621 1416 2675 J
1418 2620 1478 2675 unii

339 2711 511 2766 Conceditur
528 2715 561 2764 lo
576 2710 655 2765 Junii
670 2711 805 2781 magistro
821 2709 940 2765 Rioerdo
957 2710 1103 2764 Ccortesse
1117 2715 1150 2764 vt
1166 2710 1293 2765 studium
1309 2711 1337 2765 ix
1353 2727 1491 2765 annorum

408 2800 438 2854 in
457 2798 597 2868 theologie
618 2801 767 2869 postquem
789 2799 893 2852 rexerit
917 2799 946 2851 in
971 2797 1081 2851 artibus
1105 2813 1161 2850 vna
1182 2814 1246 2851 cum
1268 2796 1492 2868 oppositionibus

409 2887 635 2958 responsionibus
651 2885 826 2941 sermonibus
837 2893 867 2941 et
879 2887 942 2940 eliis
958 2885 1097 2940 exercitiis
1114 2903 1164 2956 per
1180 2890 1291 2940 statute
1307 2886 1383 2956 regia
1399 2885 1491 2957 requi·

408 2977 472 3030 sitis
490 2975 610 3029 sufficiet
628 2974 654 3028 ei
673 2981 733 3028 tem
751 2973 787 3028 sd
806 2973 970 3028 intrandum
988 2957 1075 3044 quum
1093 2973 1129 3026 ed
1147 2972 1346 3043 opponendum
1364 2973 1393 3026 in
1412 2989 1492 3028 secra

409 3064 546 3134 theologie
562 3065 603 3117 ite
620 3068 652 3116 vt
667 3063 728 3116 eius
745 3063 878 3116 admissio
895 3067 952 3117 stet
970 3063 995 3115 ei
1015 3079 1066 3132 pro
1083 3061 1231 3131 completis
1248 3060 1337 3131 grsdu
1354 3067 1384 3116 et
1402 3062 1492 3116 formu

408 3153 491 3208 modo
504 3153 645 3222 respoutio
657 3151 718 3204 eius
732 3151 781 3204 liat
794 3150 823 3204 in
835 3150 882 3204 die
894 3149 1072 3204 comitiorum
1088 3154 1118 3203 et
1136 3150 1317 3203 concionetur
1332 3149 1369 3204 ed
1385 3149 1490 3204 clerum

408 3243 479 3296 citra
491 3242 596 3295 festum
610 3237 716 3293 Pesohe
729 3238 887 3309 proximum
900 3237 954 3291 sub
966 3254 1039 3308 pene
1051 3236 1095 3307 vj¹¹
1107 3237 1300 3308 ponendsrnm
1313 3237 1342 3291 in
1359 3236 1491 3292 menibus

408 3334 619 3402 procuratorum
631 3333 698 3382 ente
710 3327 770 3380 eius
782 3325 981 3380 admissionem
1021 3325 1169 3380 Admissus
1181 3325 1278 3380 eodem

213 3705 234 3766 f.
252 3705 325 3766 eth
733 3689 856 3753 Doctor
878 3687 912 3750 in
935 3685 1102 3771 theologie

337 3885 507 3942 Conceditur
519 3887 565 3937 2t⁰
578 3879 646 3935 Maii
659 3879 793 3948 magistro
807 3875 934 3930 Mattheo
950 3875 1061 3928 Hutton
1074 3877 1106 3926 vt
1117 3871 1245 3926 studium
1254 3872 1341 3926 trium
1351 3888 1490 3926 annorum

406 3974 436 4027 in
461 3969 600 4038 theologis
624 3970 689 4038 post
711 3963 829 4035 gradum
853 3961 1031 4016 bocheleurei
1056 3960 1085 4013 in
1111 3957 1207 4012 eedem
1233 3961 1395 4028 susceptum
1424 3974 1490 4012 cum

407 4054 630 4131 oppositionibus
648 4049 876 4122 msponsionibus
894 4046 1070 4102 sermonibus
1086 4053 1115 4100 et
1132 4045 1194 4099 eliis
1212 4045 1351 4098 exercitiis
1365 4061 1416 4114 per
1432 4051 1490 4099 ste·

406 4152 472 4202 tuto
490 4143 565 4214 regis
582 4139 727 4212 requisitis
748 4135 924 4208 perficiendis
946 4135 1019 4188 inire
1039 4151 1146 4188 annum
1167 4150 1216 4187 sue
1237 4131 1417 4187 admissionis
1435 4132 1490 4187 sub

406 4251 479 4306 pens
497 4231 530 4285 x¹¹
547 4227 740 4301 ponendorum
759 4227 788 4279 in
806 4221 938 4278 menibus
955 4225 1166 4293 procuratorum
1183 4227 1250 4274 ente
1266 4220 1327 4274 eius
1343 4219 1489 4276 admissio-

406 4339 471 4377 nem
483 4319 604 4375 sufficiet
616 4317 641 4371 ei
654 4314 690 4369 ed
703 4312 894 4383 incipiendum
907 4312 936 4365 in
949 4327 1028 4365 secra
1039 4309 1179 4380 theologis
1226 4307 1377 4362 Admissus
1388 4307 1489 4364 ultimo

407 4409 424 4464 J
426 4409 486 4464 unii
500 4407 617 4478 (peregit
629 4403 724 4459 omnia
735 4401 836 4474 every.)
