3394 5114
182 364 346 451 1572-73]
617 381 731 432 onnon
753 382 846 432 soon
869 383 891 431 Δ
1276 368 1339 434 267

252 539 359 594 medios
382 538 458 594 vicos
482 543 669 610 purgamenta
693 537 881 610 proiiciuntur
901 541 932 592 ct
955 554 1020 592 sues
1044 555 1094 608 per
1116 535 1232 608 collegia
1254 537 1340 593 libere

253 633 387 699 vagantes
405 629 500 682 omnia
521 625 618 684 sedant
639 633 669 684 et
689 632 874 699 corrumpunt
894 632 926 681 vt
946 625 1079 682 dominus
1098 627 1340 682 vicecancellarius

251 717 378 773 doctores
405 718 512 774 Pearne
541 717 674 773 Hnwlord
700 717 841 788 Whitgyft
866 715 1027 772 Ohadcrton
1058 717 1172 789 Harvye
1199 716 1284 771 lthell
1311 726 1340 770 et

253 806 380 861 Hatcher
400 807 511 878 possint
528 811 623 862 vestra
644 805 814 862 auctoritate
833 823 935 860 novam
954 823 1018 860 cum
1036 805 1185 877 oppidanis
1203 806 1339 876 composi-

252 894 357 950 tionem
375 895 404 949 in
421 895 522 966 viginti
539 912 628 949 annos
644 895 810 950 duraturam
826 894 960 948 conficere
977 898 1007 948 et
1022 895 1193 949 constituere
1208 895 1249 948 sic
1262 900 1293 947 rt
1311 893 1338 947 id

252 988 346 1038 ratum
359 985 398 1038 sit
409 983 484 1054 quod
498 983 587 1039 maior
601 1001 667 1055 pars
678 1001 775 1039 eorum
787 983 942 1039 decreverit
953 987 983 1037 ct
994 983 1132 1054 sigilletur
1143 983 1234 1053 sigillo
1247 985 1340 1037 vestro

251 1087 394 1126 communi

181 1159 352 1216 Conceditur
368 1166 403 1216 23
419 1162 437 1216 J
439 1162 498 1216 unii
511 1166 544 1216 vt
559 1162 652 1217 omnis
663 1161 796 1234 deinceps
807 1178 893 1232 super
904 1161 1068 1215 electionem
1080 1165 1271 1216 scrutatorum
1283 1159 1339 1214 dis-

251 1250 389 1305 sentionis
412 1251 531 1306 materia
553 1252 668 1306 omnino
692 1251 809 1305 tollatur
828 1255 860 1305 vt
883 1251 998 1320 collegia
1021 1249 1089 1304 bina
1116 1250 1198 1304 annis
1221 1249 1340 1320 singulis

251 1338 322 1393 duos
343 1356 399 1394 non
420 1344 548 1411 regentes
568 1339 715 1395 nominent
734 1341 905 1394 scrutatores
924 1338 1014 1393 futuri
1033 1338 1100 1393 anni
1122 1355 1155 1392 eo
1174 1337 1271 1393 ordine
1289 1338 1339 1408 qui

252 1429 281 1480 in
299 1427 480 1482 nominandis
494 1426 721 1499 procuratoribus
739 1427 912 1500 prescriptus
928 1432 972 1481 est
988 1425 1148 1498 incipiendo
1165 1426 1194 1481 in
1209 1425 1338 1498 sequenti

251 1533 326 1571 anno
341 1516 377 1572 ab
392 1517 448 1571 hiis
465 1509 659 1588 collegiisque
676 1517 706 1570 in
725 1516 816 1588 primo
835 1517 896 1572 loco
913 1517 1128 1572 constituuntur
1144 1521 1174 1571 et
1192 1535 1225 1571 eo
1243 1516 1340 1571 ordine

251 1611 281 1659 et
301 1623 385 1660 cursu
406 1604 606 1676 progrediendo
623 1610 653 1658 et
671 1604 838 1660 recurrendo
855 1609 885 1659 et
906 1609 998 1659 cetera
1018 1606 1113 1660 omnia
1133 1605 1288 1676 prescripta
1309 1605 1339 1659 in

251 1695 369 1749 statutis
389 1695 424 1750 de
442 1695 577 1750 electione
598 1699 811 1766 procuratorum
830 1699 859 1748 et
878 1699 1039 1749 tenatorum
1060 1693 1209 1765 diligenter
1227 1698 1257 1748 et
1279 1711 1338 1765 per-

251 1786 337 1852 petuo
350 1783 477 1854 (excepta
489 1786 603 1837 tantum
615 1783 705 1837 forma
717 1782 847 1836 scrutinii
858 1781 999 1836 dictorum
1011 1785 1213 1852 scrutatorum)
1224 1782 1338 1836 inviola-

252 1869 346 1926 biliter
361 1871 545 1926 observentur
580 1872 619 1926 Et
631 1875 663 1925 vt
679 1871 730 1926 hec
743 1876 837 1924 vestre
852 1870 993 1924 concessio
1009 1888 1060 1941 pro
1076 1875 1186 1925 statuto
1202 1869 1340 1926 habeatur

252 1962 282 2013 et
300 1958 374 2013 inira
394 1976 518 2014 mensem
539 1959 664 2031 proxime
685 1964 849 2030 sequentem
870 1958 1047 2014 describatur
1064 1960 1093 2014 in
1113 1959 1192 2014 libris
1210 1977 1338 2030 procura·

253 2052 347 2101 torum

181 2135 352 2191 Conceditur
372 2137 463 2208 primo
482 2137 604 2207 Augusti
642 2136 776 2190 Whereas
796 2134 834 2206 by
852 2144 900 2208 yc¹
919 2141 1036 2191 consent
1055 2136 1134 2190 there
1154 2153 1210 2190 was
1230 2153 1247 2189 a
1267 2135 1339 2190 lease

252 2224 333 2279 mede
357 2225 402 2278 for
419 2241 436 2279 a
455 2230 587 2296 certayne
611 2228 701 2279 terme
720 2224 752 2278 cl
771 2241 869 2294 yeares
892 2228 923 2277 tc
943 2223 985 2278 Mr
1003 2223 1080 2278 John
1102 2224 1218 2278 Bacster
1238 2224 1269 2277 ol
1290 2224 1339 2278 the

252 2314 357 2368 tenem⁸
368 2313 470 2384 latelye
486 2331 576 2384 gyven
593 2318 623 2368 to
637 2313 838 2369 thuninersitie
854 2311 891 2383 by
907 2313 949 2367 ΜΙΓ
960 2311 1036 2368 John
1053 2312 1145 2367 Meers
1161 2313 1196 2366 wi
1207 2315 1339 2384 certayne

254 2400 420 2473 buyldinges
440 2400 463 2455 s
483 2400 612 2472 gardeins
633 2401 683 2455 n²h
701 2400 751 2455 the
772 2399 832 2454 said
852 2400 928 2455 John
951 2399 1043 2454 Meere
1061 2400 1117 2456 had
1134 2401 1166 2454 oi
1183 2400 1226 2454 Mr
1242 2400 1339 2456 doctor

253 2488 380 2544 Hatcher
395 2487 434 2560 by
445 2489 518 2543 laese
533 2488 593 2542 The
609 2488 774 2559 remayndre
789 2488 821 2542 of
831 2497 862 2559 y⁰
875 2487 923 2540 wer
935 2487 996 2541 said
1011 2505 1107 2559 yeares
1123 2488 1174 2542 the
1187 2488 1248 2544 said
1262 2489 1338 2543 John

252 2576 369 2631 Bacster
388 2575 459 2630 heth
478 2575 607 2646 assigned
629 2575 653 2630 b
674 2578 718 2628 set
738 2591 804 2629 over
824 2579 854 2628 to
875 2574 925 2628 tlre
946 2574 1169 2630 vicechauncelor
1189 2576 1254 2632 that
1278 2594 1338 2631 now

252 2665 277 2719 is
295 2680 360 2735 may
378 2664 403 2718 it
421 2662 514 2736 plesse
531 2680 592 2735 yon
611 2662 676 2718 that
694 2663 743 2717 the
761 2662 822 2718 said
840 2663 913 2717 lease
932 2663 963 2718 cf
979 2662 1029 2717 the
1047 2663 1109 2718 said
1127 2669 1272 2720 tenemeut
1291 2666 1338 2719 wu

253 2752 367 2807 thothar
387 2755 631 2823 appurtenaunces
650 2768 715 2822 may
731 2750 767 2806 be
785 2752 889 2807 renued
910 2752 940 2806 in
961 2751 1011 2805 the
1028 2751 1089 2807 said
1108 2751 1340 2808 viceohauncelor·

252 2857 330 2895 owne
351 2857 434 2894 neme
454 2839 511 2895 and
535 2840 600 2895 that
621 2841 663 2895 Mr
682 2840 781 2895 doctor
805 2841 910 2896 Pearne
930 2840 957 2896 d.
981 2841 1115 2896 Hawlord
1135 2842 1161 2896 d.
1183 2842 1339 2914 Whitgyftc

252 2927 282 2982 d¹
306 2928 421 3000 Harvye
444 2928 468 2983 dr
492 2928 534 2982 Mr
557 2932 684 3000 proctors
707 2946 773 3000 may
797 2928 870 2982 have
892 2938 940 3000 ynr
963 2929 1132 2984 ericthoritie
1155 2947 1187 2985 as
1210 2931 1272 2985 well
1295 2931 1339 2986 lor

252 3017 408 3089 apoynting
427 3017 476 3072 the
495 3023 584 3072 terme
602 3019 634 3072 of
651 3035 749 3089 yeares
768 3018 797 3072 in
817 3017 866 3072 the
885 3017 947 3072 said
967 3018 1040 3072 lesse
1060 3023 1091 3072 to
1110 3017 1146 3073 be
1163 3018 1289 3073 renewed
1307 3037 1339 3074 as

253 3104 335 3159 other
346 3103 507 3160 condicione
521 3106 551 3160 in
568 3105 618 3160 the
629 3123 706 3160 seme
718 3123 750 3160 so
762 3105 791 3177 yt
803 3105 853 3159 the
865 3122 942 3160 more
956 3111 1021 3177 part
1033 3106 1064 3160 of
1076 3106 1165 3161 theim
1181 3123 1247 3177 may
1259 3123 1339 3178 agree

252 3193 276 3248 dr
288 3193 337 3248 the
351 3192 518 3248 lndentures
530 3195 563 3248 oi
575 3195 648 3248 lease
660 3211 691 3249 so
703 3194 828 3249 renewed
843 3211 909 3265 may
922 3193 956 3248 be
969 3194 1029 3249 first
1041 3193 1124 3249 reads
1139 3193 1232 3249 before
1243 3211 1304 3266 you
1316 3195 1339 3250 ἅ

253 3281 321 3335 then
333 3281 426 3336 scaled
439 3281 488 3336 „aa
499 3291 547 3353 yor
557 3299 686 3338 common
699 3283 772 3338 seale
