3398 5122
346 271 412 333 438
779 289 893 338 ossen
916 290 1009 338 soon
1032 290 1055 338 a
1339 275 1506 362 [1588-89

206 469 227 529 l.
246 471 334 530 1591
478 462 601 527 Gratiae
623 462 691 527 sive
713 463 891 550 peticiones
913 486 978 529 non
1001 474 1232 530 concernentes
1254 465 1374 551 gradus

348 633 518 690 Conceditur
539 639 573 692 10
592 633 721 692 Octobris
742 637 878 708 magistro
900 637 1021 693 Ricardo
1037 637 1171 694 Warfield
1192 639 1222 694 in
1241 638 1351 694 artibus
1369 636 1506 708 magistro

417 729 450 778 vt
470 725 509 779 sit
529 742 603 780 vnus
623 743 656 780 ex
678 725 825 781 duodecim
850 725 1072 798 predicatoribus
1093 727 1145 782 hoc
1166 744 1241 782 anno
1263 744 1312 799 per
1332 725 1505 781 academiam

417 811 581 867 emittendis
599 813 689 868 sicvt
708 830 793 884 super
812 813 864 868 hac
883 820 978 870 restra
996 815 1174 871 concessione
1193 816 1290 870 literas
1308 814 1506 884 1111111111ςί1-

418 899 491 955 latas
506 900 597 970 sigillo
612 904 706 956 vestro
721 902 864 957 communi
907 902 1014 958 Eadem
1031 903 1123 975 gratia
1141 903 1303 960 conceditur
1319 913 1348 958 1⁰
1360 901 1505 958 Februarii

416 986 541 1044 lobanni
563 988 689 1044 Milward
711 989 755 1045 Jo.
776 989 832 1045 Dix
852 997 882 1046 11
903 991 1002 1047 Owino
1024 991 1158 1048 Rowland
1180 993 1211 1048 in
1231 993 1340 1048 artibus
1361 991 1505 1064 magistris

418 1075 451 1130 17
470 1074 567 1129 Martii
589 1074 724 1130 Nicholao
745 1075 844 1130 Steare
863 1094 941 1132 sacre
963 1077 1100 1149 theologie
1121 1077 1322 1135 bacchalaureo
1364 1082 1412 1135 30ο
1433 1077 1504 1133 Maii

417 1163 492 1218 Edw.
505 1162 662 1218 Wollaston
680 1162 748 1218 Rob.
763 1164 883 1236 Smythe
899 1165 979 1222 Geor.
998 1165 1086 1222 Flude
1102 1165 1227 1222 Jobanni
1244 1167 1364 1240 Smythe
1379 1165 1504 1222 Samueli

417 1250 513 1306 Herna

345 1339 516 1395 Conceditur
535 1343 568 1394 10
585 1338 716 1395 Octobris
759 1340 831 1396 Cum
849 1343 953 1397 oratori
970 1348 1064 1398 vestro
1082 1343 1164 1415 plura
1181 1342 1249 1398 foris
1266 1341 1433 1397 incumbant
1450 1342 1504 1396 hoc

416 1443 490 1481 anno
507 1426 620 1497 negocia
633 1445 720 1498 quam
735 1445 791 1498 que
807 1429 896 1484 trium
912 1429 1053 1485 mensium
1069 1430 1163 1502 spatio
1178 1435 1254 1486 recte
1269 1429 1505 1485 administrentur

415 1515 508 1586 placet
527 1514 657 1571 vobisut
676 1517 901 1588 quotiescunque
918 1535 964 1572 res
983 1535 1033 1573 sne
1052 1517 1260 1590 postulaverint
1279 1518 1364 1572 liceat
1382 1517 1408 1572 ai
1429 1516 1504 1572 bona

415 1607 510 1658 vestra
528 1621 593 1659 cum
610 1605 693 1659 venia
709 1604 807 1660 abesse
826 1606 867 1660 ita
884 1609 982 1662 tamen
997 1611 1030 1661 vt
1045 1607 1158 1663 veniam
1175 1611 1256 1678 petat
1273 1625 1291 1661 a
1307 1605 1421 1661 domino
1438 1623 1502 1676 pm·

414 1691 579 1747 cancellario
597 1698 626 1747 11
643 1692 775 1747 idoneum
794 1692 984 1748 substitutum
1002 1711 1054 1749 suo
1071 1693 1131 1749 loco
1149 1695 1273 1749 iuratum
1290 1693 1432 1764 relinquat

345 1781 515 1836 Conceditur
541 1785 574 1835 21
601 1781 699 1836 Martii
725 1785 794 1836 1188
839 1781 912 1837 Cum
942 1783 1111 1854 magistrum
1136 1782 1314 1838 Anthonium
1338 1780 1503 1852 Wingefield

414 1873 554 1924 oratorem
577 1868 662 1923 huius
686 1867 829 1924 academie
852 1869 932 1924 iussu
955 1874 985 1924 et
1005 1869 1195 1926 aucthoritate
1215 1870 1325 1940 reginae
1345 1869 1504 1923 maiestatis

413 1957 443 2011 in
460 1957 665 2012 transmarinas
681 1975 745 2012 oras
760 1957 933 2013 mittendum
950 1957 1060 2014 diutius
1074 1957 1172 2014 abesse
1185 1957 1223 2013 ab
1234 1957 1378 2012 academia
1391 1973 1504 2011 necasse

414 2047 454 2101 sit
469 2047 565 2102 Placet
578 2047 658 2102 robis
670 2053 702 2102 vt
715 2048 790 2103 vltra
801 2047 862 2102 dies
876 2048 903 2102 ei
914 2065 965 2118 per
978 2054 1121 2103 statutum
1135 2047 1273 2102 limitatas
1287 2051 1317 2101 et
1330 2045 1502 2117 superiorem

414 2138 537 2189 vestram
562 2135 770 2188 concessionem
794 2134 878 2188 vnius
905 2139 1033 2206 preterea
1056 2136 1123 2190 anni
1147 2139 1260 2206 tempus
1286 2132 1414 2188 absentie
1439 2147 1502 2202 pro-

413 2227 527 2294 rogetur
570 2221 617 2277 Ita
636 2227 733 2277 tamen
756 2227 787 2277 vt
808 2222 923 2277 interim
945 2223 1076 2279 idoneum
1098 2223 1222 2294 aliquam
1242 2223 1292 2293 qui
1317 2238 1421 2276 munus
1441 2221 1503 2275 eius

412 2318 568 2382 exequatur
585 2312 615 2366 in
632 2311 724 2366 locum
742 2328 827 2366 suum
845 2311 1003 2367 substituat

343 2399 513 2456 Conceditur
532 2404 565 2454 10
582 2399 713 2456 Octobris
730 2402 762 2454 vt
778 2399 835 2455 duo
853 2405 1024 2456 scrutatores
1042 2401 1126 2457 istius
1143 2400 1213 2456 anni
1231 2401 1286 2455 111
1303 2415 1369 2454 cum
1386 2415 1502 2469 procan-

414 2488 524 2544 cellario
536 2494 566 2544 et
578 2488 700 2544 dominis
712 2489 942 2560 procuratoribus
953 2491 1013 2546 sint
1025 2489 1156 2545 custodes
1169 2489 1240 2544 cista
1252 2488 1410 2543 eommunis

344 2578 514 2633 Conceditur
525 2576 622 2632 eodem
633 2582 666 2631 vt
678 2577 731 2632 viri
744 2577 916 2634 venerabiles
928 2580 1055 2649 magistri
1067 2578 1195 2634 doctores
1208 2577 1330 2650 Tyndall
1341 2581 1371 2632 et
1384 2576 1502 2631 Barwall

414 2669 444 2720 et
464 2665 597 2736 magister
619 2664 736 2719 Preston
755 2667 810 2718 111
829 2683 895 2720 cum
913 2665 1029 2721 domino
1047 2665 1264 2737 procanoellario
1281 2663 1341 2718 sint
1359 2661 1502 2718 auditores

415 2754 484 2808 oiste
502 2754 660 2807 eommunis

344 2839 513 2895 Conceditur
530 2843 560 2893 2⁰
576 2838 746 2893 Novembris
762 2838 806 2893 Jo.
824 2839 912 2910 Legat
928 2840 963 2896 de
980 2841 1096 2895 civitate
1116 2839 1287 2895 Londinensi
1303 2841 1347 2910 (vt
1362 2838 1453 2893 fertur
1470 2838 1500 2893 in

414 2934 476 2983 arte
492 2926 672 2999 imprimendi
688 2925 775 2982 libros
791 2929 893 2998 perito)
905 2934 938 2983 -vt
954 2929 993 2983 sit
1009 2928 1055 2983 bic
1072 2929 1102 2983 in
1118 2927 1262 2984 academia
1274 2945 1347 2983 vnus
1360 2944 1394 2982 ex
1408 2924 1501 2982 tribus

415 3016 472 3070 illis
493 3014 629 3090 librorum
651 3013 866 3085 impressoribus
885 3014 965 3070 vobis
983 3033 1034 3088 per
1052 3015 1181 3071 chartam
1199 3015 1342 3087 quandam
1363 3015 1502 3070 concessis

415 3103 462 3158 lta
482 3110 579 3158 111111
596 3109 629 3158 ν1
647 3102 693 3157 hic
711 3106 771 3157 tam
790 3120 847 3157 non
865 3107 992 3157 exerceat
1011 3107 1102 3159 artem
1121 3103 1286 3174 priusquam
1306 3119 1371 3158 cum
1389 3101 1501 3157 fideius-

414 3191 524 3248 soribus
552 3191 661 3246 idoneis
690 3190 830 3261 obligetur
858 3191 888 3245 in
918 3207 1031 3246 summa
1056 3191 1275 3262 quingentarum
1301 3190 1436 3246 librarum
1463 3190 1500 3245 ad

413 3281 524 3338 fidelem
543 3287 572 3336 11
591 3282 755 3336 continuam
777 3279 1001 3335 observationem
1020 3297 1116 3336 eorum
1135 3281 1261 3336 omnium
1280 3297 1336 3350 que
1354 3280 1383 3334 in
1402 3296 1500 3334 execu-

414 3372 491 3427 tione
512 3369 637 3425 eiusdem
658 3369 729 3424 artis
749 3372 809 3424 tam
830 3368 944 3423 domino
968 3369 1183 3440 proeaneellario
1207 3373 1276 3424 tunc
1299 3386 1350 3440 pro
1374 3374 1501 3439 tempore

413 3460 545 3515 existenti
562 3476 649 3530 quam
670 3458 769 3513 maiori
788 3458 863 3530 parti
884 3458 1090 3528 prepositorum
1111 3457 1289 3528 collegiorum
1306 3464 1336 3513 et
1353 3456 1501 3512 doctorum

413 3566 447 3603 ex
468 3551 549 3619 parte
566 3551 662 3602 vestra
682 3545 804 3600 maxime
821 3544 993 3600 videbuntur
1010 3546 1166 3601 necessaria
1208 3545 1247 3600 Et
1264 3562 1349 3616 super
1365 3545 1418 3600 hee
1435 3561 1500 3599 oon-

412 3635 537 3690 oessione
556 3639 650 3689 vestra
670 3633 767 3688 literas
788 3631 893 3688 habeat
913 3633 1004 3703 sigillo
1023 3639 1117 3688 vestro
1134 3633 1278 3688 communi
1297 3632 1432 3704 sigillatas
1452 3631 1501 3687 vbi

413 3723 483 3778 illud
502 3740 532 3778 se
550 3721 707 3794 prestitisse
726 3721 887 3776 constiterit
905 3721 1033 3776 articulis
1051 3720 1176 3776 eiusdem
1194 3720 1387 3776 conventionis
1404 3719 1450 3775 hie
1469 3719 1500 3774 in

414 3816 514 3867 senatu
532 3815 626 3866 vestro
644 3815 712 3866 tunc
729 3809 842 3880 publice
858 3809 985 3864 recitatis

343 3901 513 3958 Conceditur
527 3899 625 3955 eodem
637 3904 670 3954 ν1
686 3898 817 3954 Michaell
829 3898 928 3955 Woulf
936 3899 986 3969 qui
1002 3915 1059 3953 non
1075 3898 1118 3953 ita
1134 3897 1243 3969 pridem
1254 3903 1348 3952 vestro
1362 3913 1501 3952 consensu

413 3990 576 4060 designatus
596 3988 652 4043 fuit
670 4004 743 4042 vnus
764 3987 988 4058 appretiatorum
1009 3987 1068 4042 eive
1089 3987 1322 4042 stacionariorum
1341 3990 1499 4041 vestrorum

412 4077 517 4133 babeat
536 4077 634 4132 literas
653 4081 746 4131 vestre
767 4075 954 4131 concessionis
975 4076 1111 4147 sigillatas
1131 4074 1223 4145 sigillo
1241 4081 1335 4130 vestro
1355 4075 1500 4130 communi

412 4165 519 4221 Eadem
535 4165 627 4236 gratia
642 4163 805 4220 conceditur
824 4169 870 4219 15⁰
888 4164 1057 4219 Novembris
1075 4164 1144 4219 The.
1165 4162 1268 4218 Howse

342 4254 512 4311 Conceditur
524 4259 555 4308 ll
571 4251 738 4309 Novembris
749 4258 782 4309 vt
798 4253 931 4323 magister
942 4252 986 4307 Jo.
1000 4251 1116 4324 Wylson
1133 4251 1264 4323 suppleat
1280 4251 1355 4306 vices
1371 4250 1501 4321 magistri

413 4340 505 4412 Egidii
518 4341 626 4395 Askam
639 4340 750 4395 lectoris
762 4341 849 4394 vestri
861 4339 1014 4394 rhetorices
1027 4338 1149 4394 durante
1165 4345 1291 4411 tempore
1306 4337 1434 4394 absentie
1449 4355 1503 4394 sue

412 4428 465 4482 hoc
477 4444 551 4481 anno
