3386 5114
200 348 364 435 1571-72]
634 368 748 416 onnon
771 369 864 417 uoou
887 371 910 417 o
1290 355 1352 417 255

196 523 260 578 Vno
268 541 333 578 eum
342 523 397 578 hiis
407 523 571 594 ineeperunt
579 523 614 578 de
622 523 744 594 Ooiiegio
755 524 839 595 Regio
851 524 955 596 quibus
967 525 1045 580 nullo
1057 525 1148 596 gretie
1160 525 1250 596 petito
1263 542 1353 596 neque

239 628 242 632 ·
266 612 440 683 dispensacio
449 630 578 668 eoneeosa
590 613 616 667 d.
632 613 708 669 Alex.
722 613 820 668 Bound
833 615 860 669 d.
873 614 942 669 Tho.
957 613 1067 668 Wottes
1078 613 1104 669 d.
1119 614 1197 669 Coro.
1213 613 1352 668 Kirkhom

267 701 293 758 d.
306 700 349 755 W.
364 701 479 756 Henson
492 701 518 757 d.
532 701 575 756 Jo.
592 702 708 757 Browne
719 703 744 757 d.
761 703 809 758 Ro.
826 701 985 774 Dunnynge

620 1136 709 1202 Ordo
736 1137 935 1202 senioiitatis

200 1299 308 1356 Nor-the
391 1301 447 1356 des.
634 1302 713 1358 Good
817 1304 939 1374 Reginoi.
1048 1303 1196 1374 Berwyoke
1261 1303 1317 1358 Tri.

201 1383 295 1454 Rugge
391 1385 449 1439 Tri.
636 1386 788 1458 Formerye
818 1387 883 1442 Otr.
1050 1385 1167 1440 Hobson
1264 1386 1329 1440 Ket.

200 1469 474 1544 Poole[Pooley]Jo.
639 1473 713 1528 Hills
820 1475 879 1529 Pet.
1050 1473 1238 1528 Woterhowse
1262 1474 1318 1528 Tri.

199 1558 338 1613 Hiokmon
389 1559 432 1614 Jo.
636 1561 734 1615 Bound
820 1563 911 1633 Regni.
1048 1561 1187 1631 Jemegou
1264 1562 1329 1616 Ket.

201 1646 319 1719 Bradiey
392 1647 463 1704 Petr.
633 1649 750 1705 Skelton
817 1652 898 1706 Olore
1050 1649 1170 1722 Lyveley
1262 1650 1317 1706 Tri.

200 1735 310 1790 Fowoet
390 1736 529 1792 Johonnis
636 1738 746 1793 Wnttes
817 1781 856 1836 Re
874 1783 900 1837 a!
1047 1738 1213 1809 Wilkynson
1261 1739 1317 1793 Tri.
1387 1743 1391 1750 '

200 1823 313 1896 ousyu
388 1824 432 1879 uo,
635 1826 775 1882 ursinam
856 1801 909 1853 ἕ·
1048 1825 1137 1880 ewen
1261 1826 1318 1881 ns

199 1912 364 1968 Newoomen
389 1914 480 1986 Mogd.
633 1915 779 1988 Hsrryson
818 1915 883 1969 Bon.
1048 1914 1205 1986 Dunnynge
1263 1915 1330 1972 Kot.

198 2001 367 2072 t'artwright
390 2002 433 2057 Jo.
634 2004 721 2058 Jouee
818 2004 882 2058 Chr.
1318 2003 1323 2016 '

197 2090 340 2162 sylvester
389 2092 447 2148 Pet.
632 2093 742 2164 Corney
816 2094 860 2150 Jo.

198 2181 295 2252 Meyer
387 2179 431 2236 Jo.
634 2180 741 2253 Philipe
815 2182 884 2237 Jesu
1348 2226 1354 2240 .

198 2269 352 2339 Dowghtye
387 2267 430 2324 Jo.
633 2269 747 2325 Dobeou
811 2270 856 2326 Jo.
1046 2268 1169 2324 [rothom
1263 2271 1327 2328 Kar

388 2359 474 2413 'hini
634 2360 754 2414 Moonke
816 2360 873 2416 Pet
1048 2358 1163 2413 Browne
1260 2403 1301 2458 Re
1336 2404 1344 2457 Ι

387 2445 480 2502 Pemb.
632 2448 743 2502 Welohe
815 2449 879 2504 cnr.
1049 2447 1191 2517 Dunuyng
1300 2421 1352 2474 μ’

389 2536 445 2591 Tri.
634 2537 731 2589 Peerse
1047 2534 1163 2588 Roleton
1258 2534 1322 2590 cnr.

390 2623 483 2678 Pemb.
635 2624 743 2694 Reghet
815 2579 926 2635 (MC.
1046 2623 1216 2695 Wiggynton
1260 2623 1317 2679 Tri.

388 2713 443 2767 Tri.
635 2714 753 2767 Pate-ion
816 2711 880 2764 Chr.
1049 2712 1150 2781 Hughe
1260 2711 1301 2769 Je.

388 2800 526 2854 Johsnnis
634 2801 745 2870 Wright
816 2799 880 2852 cnr.
1049 2800 1105 2854 For
1260 2800 1315 2855 Tri.

389 2890 432 2945 Jo.
636 2891 731 2944 Ireton
811 2888 875 2942 Chr.
1047 2888 1122 2959 Coye
1258 2890 1315 2944 Clo

199 2982 338 3036 Leurenoe
389 2979 460 3032 Petr.
634 2979 731 3033 Porter
815 2978 880 3031 Ben.
1151 2983 1183 3032 61

197 3067 325 3125 Ootesord
390 3067 481 3138 mago.
635 3065 743 3137 Meyow
817 3064 938 3134 Reginoi.

197 3391 366 3448 Conceditur
383 3393 417 3444 lo
433 3387 577 3444 Februarii
594 3387 728 3458 magistro
746 3387 865 3442 Ricardo
878 3387 1018 3444 Condishe
1029 3389 1166 3460 omnigero
1178 3393 1210 3442 rt
1225 3388 1351 3446 studium

267 3487 301 3538 28
317 3498 456 3537 annorum
473 3481 502 3535 in
519 3480 572 3536 hoo
586 3486 616 3534 et
629 3479 779 3534 Oxoniensi
799 3479 950 3534 Academia
964 3497 997 3534 oo
1014 3479 1142 3551 portibus
1155 3483 1352 3538 transmarinis

268 3573 296 3626 in
314 3569 392 3624 omni
413 3569 469 3623 fere
487 3568 646 3639 linguarum
665 3568 770 3622 ortium
792 3567 1052 3639 professionemque
1070 3586 1169 3638 genere
1187 3569 1308 3624 sufficiet
1325 3573 1351 3625 ei

266 3665 298 3713 vt
316 3659 345 3712 in
365 3657 560 3728 magistrorum
579 3655 654 3728 opud
673 3675 724 3710 nos
740 3655 866 3711 ordinem
883 3656 1053 3712 oduiittatur
1087 3658 1238 3713 Admissus
1253 3659 1350 3714 eodem

267 3749 444 3818 presentatus
461 3761 512 3816 per
529 3745 695 3814 magistrum
716 3745 824 3798 Beooon
842 3745 980 3799 seniorem
998 3750 1205 3816 procuratorem

195 3834 366 3892 Conceditur
378 3837 394 3888 4
406 3833 423 3888 J
426 3833 477 3888 ulii
489 3833 623 3903 magistro
635 3834 703 3889 Tho.
720 3833 831 3887 Holden
845 3833 874 3887 in
883 3833 1026 3888 eosdemio
1035 3833 1186 3889 Oxoniensi
1199 3835 1228 3889 in
1241 3835 1351 3892 artibus

266 3922 400 3991 magistro
412 3924 444 3974 vt
460 3921 499 3974 sit
513 3919 558 3973 hio
570 3919 645 3990 opud
662 3937 710 3973 vos
725 3920 753 3974 in
767 3919 883 3974 eiisdem
897 3919 985 3990 gradu
999 3919 1096 3974 ordine
1112 3924 1141 3974 et
1156 3939 1230 3975 enno
1246 3921 1350 3992 quibus

266 4011 321 4064 fuit
334 4011 362 4064 in
375 4009 452 4064 dicte
463 4009 605 4064 eosdemin
