3344 5110
170 343 338 428 1543-44]
604 358 717 407 ossen
740 359 833 406 soon
856 358 879 406 a
1285 345 1327 408 13

240 515 383 570 nationem
396 515 425 569 In
438 513 542 585 quibus
554 514 687 570 lectiones
703 514 858 569 ordinarias
874 514 986 570 audiuit
1003 532 1053 586 per
1068 515 1200 570 maiorem
1217 517 1327 585 partem

240 603 270 656 in
294 605 355 656 toto
378 619 442 656 cum
467 601 549 656 vnice
572 602 751 673 responsione
775 606 805 657 et
828 600 939 657 duabus
964 601 1192 673 responsionibus
1217 601 1328 672 publice

240 688 347 744 habitis
358 688 500 744 sufficiant
511 688 538 743 ei
550 689 586 743 ed
599 688 790 760 incipiendum
802 689 832 743 in
844 689 954 744 artibus

170 775 245 832 item
257 775 420 830 conceditur
433 775 540 846 Regem
552 774 740 846 Huichynson
758 781 790 829 vt
806 793 907 830 novem
924 776 1039 830 termini
1056 780 1121 846 post
1136 775 1248 831 finalem
1267 777 1328 830 eius

239 863 503 919 determinationem
528 863 558 917 in
582 862 685 933 quibus
709 863 843 918 lectiones
866 863 1022 918 ordinarias
1045 863 1155 918 audiuit
1179 864 1246 918 lieet
1270 881 1326 918 non

238 949 353 1004 omnino
376 947 531 1003 secundum
552 947 672 1003 formam
693 950 795 1004 statuti
814 967 879 1004 cum
897 949 989 1004 tribus
1006 950 1234 1022 responsionibus
1251 949 1327 1004 suffi-

239 1037 317 1093 ciant
334 1037 389 1092 sibi
406 1037 442 1092 ad
463 1037 654 1109 incipiendum
671 1038 700 1092 in
718 1037 829 1093 artibus

170 1125 275 1182 Eadem
305 1125 396 1196 gratia
423 1124 458 1179 de
485 1124 570 1180 verbo
595 1127 625 1180 in
649 1126 767 1181 verbum
790 1126 953 1181 conceditur
977 1126 1091 1181 domino
1117 1128 1274 1198 Stevynson
1298 1130 1328 1180 et

238 1213 353 1270 domino
372 1213 489 1268 Weliett

171 1304 244 1358 Item
256 1301 418 1357 conceditur
436 1302 548 1358 Otnello
567 1302 742 1374 HolIynsbed
761 1307 794 1356 vt
809 1319 910 1358 novem
927 1303 1042 1358 termini
1060 1307 1125 1374 post
1139 1293 1249 1357 finalem
1267 1303 1329 1358 eius

239 1389 503 1445 determinationem
519 1390 549 1444 in
565 1389 670 1461 quibus
685 1390 819 1446 lectiones
835 1389 991 1446 ordinarias
1007 1390 1117 1446 audiuit
1130 1408 1181 1462 per
1195 1391 1329 1446 maiorem

240 1482 351 1548 partem
374 1477 405 1531 iu
428 1481 490 1532 toto
516 1494 580 1532 oum
604 1476 715 1533 duabus
739 1476 968 1548 responsionibus
988 1481 1018 1532 et
1041 1495 1097 1532 vna
1120 1477 1275 1532 variatione
1298 1477 1328 1532 in

240 1567 353 1637 propria
364 1584 485 1637 persona
500 1567 553 1622 sub
566 1585 640 1638 pena
656 1568 694 1622 xl¹
706 1569 735 1623 in
752 1566 883 1623 menibus
895 1571 1108 1638 procuratorum
1120 1566 1249 1638 ponende
1262 1571 1329 1622 ante

241 1655 301 1709 eius
313 1654 513 1710 admissionem
525 1656 668 1711 sufficient
680 1656 705 1711 ei
718 1655 753 1710 ad
767 1656 958 1728 incipiendum
971 1657 1000 1711 In
1013 1655 1122 1711 artibus

173 1742 245 1797 Item
264 1742 428 1797 conceditur
446 1743 560 1799 domino
576 1744 699 1816 Fyssher
716 1750 748 1800 vt
765 1745 891 1801 studium
909 1746 996 1800 trium
1013 1761 1151 1799 annorum
1169 1744 1198 1797 in
1219 1742 1328 1797 artibus

242 1835 306 1902 post
329 1831 443 1885 finalem
466 1831 527 1886 eius
550 1831 814 1887 determinationem
839 1833 868 1887 in
890 1833 994 1903 quibus
1016 1831 1150 1887 lectiones
1173 1830 1329 1885 ordinarias

242 1917 354 1974 audiuit
373 1917 440 1972 licet
461 1935 517 1972 non
542 1919 658 1973 omnino
681 1919 835 1974 secundum
861 1920 980 1975 formem
1000 1919 1102 1973 statuti
1131 1929 1195 1973 cum
1219 1916 1329 1972 duabus

242 2003 470 2077 responsionibus
488 2004 544 2060 iam
563 2004 670 2060 habitis
687 2012 717 2061 et
734 2024 799 2061 cum
821 2024 878 2061 vna
894 2006 1050 2062 variatione
1067 2006 1194 2077 proximo
1212 2023 1286 2060 anno
1304 2007 1329 2060 si

243 2093 328 2148 tertia
338 2093 446 2164 acquiri
458 2111 514 2148 non
527 2095 617 2165 possit
628 2094 750 2149 sufficiat
762 2095 787 2149 ei
800 2093 835 2149 sd
848 2093 1040 2166 incipiendum
1052 2093 1082 2147 in
1094 2092 1204 2148 artibus

174 2183 246 2239 Item
258 2182 421 2238 conceditur
432 2182 546 2238 domino
559 2183 677 2255 Kynsey
688 2187 720 2237 vt
732 2200 780 2238 sex
793 2183 908 2238 termini
919 2185 985 2254 post
999 2181 1112 2237 finalem
1125 2181 1187 2235 eius
1198 2179 1329 2235 determi-

242 2271 387 2326 nationem
404 2269 511 2326 Oxonis
522 2289 587 2326 cum
598 2270 692 2326 tribus
708 2271 837 2326 terminis
851 2273 881 2326 in
897 2271 951 2326 hac
970 2270 1154 2325 uniuersitate
1173 2274 1202 2324 et
1219 2267 1330 2324 duabus

243 2356 471 2429 responsionibus
477 2362 508 2413 et
517 2375 573 2412 vna
580 2358 735 2414 variatione
741 2359 869 2430 proxImo
877 2375 953 2413 anno
962 2357 1015 2412 sub
1022 2374 1095 2428 pena
1103 2365 1148 2410 xx·
1159 2356 1189 2411 in
1199 2355 1330 2411 manibus

242 2450 454 2517 procuratorum
482 2445 612 2516 ponenda
635 2453 702 2500 aute
725 2447 786 2501 eius
809 2445 1009 2501 admissionem
1033 2445 1154 2501 sufficiat
1178 2444 1203 2499 ei
1227 2443 1264 2499 ed
1287 2444 1328 2499 in·

243 2532 405 2607 cipiendum
422 2535 452 2589 in
470 2534 580 2590 artibus

175 2624 248 2679 Item
255 2624 418 2679 conceditur
427 2623 541 2680 domino
551 2625 804 2681 Oecillovtnovem
812 2624 1121 2696 terminipostfinalem
1129 2622 1191 2678 eius
1199 2622 1330 2677 determi-

245 2713 389 2768 nationem
408 2713 438 2767 in
457 2713 562 2784 quibus
580 2713 715 2768 lectiones
738 2712 894 2768 ordinaries
915 2711 1027 2767 audiuit
1048 2712 1115 2766 licet
1138 2728 1194 2766 non
1215 2711 1330 2765 omnino

243 2798 399 2856 secundum
411 2800 531 2856 formam
543 2803 646 2856 statuti
659 2818 723 2856 cum
735 2800 829 2856 tribus
846 2799 1075 2871 responsionibus
1092 2799 1234 2854 sufficient
1251 2799 1277 2854 ei
1294 2798 1331 2853 ad

243 2887 434 2959 incipiendum
450 2887 479 2943 in
495 2887 607 2944 artibus
623 2894 654 2944 et
669 2889 802 2959 quoniam
821 2906 871 2958 per
886 2887 1076 2942 valetudinem
1091 2887 1262 2941 visitationis
1276 2887 1332 2941 iter

244 2991 390 3047 peragrare
408 2993 464 3029 non
482 2975 572 3046 possit
587 2992 638 3045 pro
655 2975 818 3031 visitatione
835 2975 973 3030 habeatur
988 2981 1018 3030 et
1035 2973 1115 3029 vobis
1132 2974 1288 3029 satisfaciat
1306 2975 1330 3028 si

243 3063 400 3133 regentium
424 3063 549 3134 singulos
574 3064 735 3134 alloquatur
759 3067 789 3118 et
812 3063 910 3119 visitet
934 3064 963 3118 in
984 3063 1087 3118 scholis
1110 3067 1178 3118 ante
1202 3063 1263 3117 eius
1281 3062 1329 3117 ed·

245 3151 406 3206 missionem

176 3236 249 3291 Item
260 3235 422 3291 conceditur
433 3235 548 3292 domino
561 3237 673 3308 Parkyn
686 3244 718 3293 vt
730 3255 779 3293 sex
790 3239 904 3294 termini
917 3243 983 3309 post
995 3239 1055 3293 eius
1070 3237 1182 3292 finalem
1199 3237 1328 3292 determi-

244 3324 387 3379 nationem
399 3323 429 3377 in
446 3322 550 3393 quibus
561 3323 695 3379 leotionss
708 3325 863 3380 ordinarias
879 3325 990 3380 audiuit
1008 3343 1057 3396 per
1069 3324 1201 3378 maiorem
1220 3326 1329 3394 partem

244 3411 273 3465 in
291 3416 352 3466 toto
367 3427 433 3466 cum
451 3409 543 3466 tribus
560 3412 790 3482 responsionibus
806 3413 948 3467 sufficiant
964 3411 1018 3466 eibi
1033 3411 1069 3466 ed
1088 3409 1278 3481 incipiendum
1300 3410 1330 3464 in

242 3499 352 3554 artibus

174 3585 280 3642 Eadem
299 3587 391 3657 grstia
411 3585 446 3641 de
464 3585 550 3641 verbo
570 3587 600 3641 in
620 3586 736 3641 verbum
758 3586 920 3642 conceditur
940 3587 1061 3642 Heurico
1082 3585 1197 3657 Bovylio
1215 3584 1329 3639 domino

245 3674 413 3745 Robynsono
429 3675 545 3729 domino
564 3675 754 3747 Dyckynsono
775 3681 804 3730 et
822 3675 937 3730 domino
954 3677 1091 3730 Peresono

175 3763 248 3816 Item
269 3760 432 3816 conceditur
454 3763 605 3817 Laurentio
626 3762 773 3818 Sawnders
798 3767 830 3818 vt
849 3781 897 3818 sex
918 3763 1032 3817 termini
1054 3767 1118 3834 post
1135 3763 1196 3816 cius
1217 3761 1328 3816 finalem

243 3848 506 3906 detenninstionem
530 3851 559 3904 in
584 3851 688 3920 quibus
713 3851 846 3905 lectiones
870 3850 1025 3905 ordinarias
1048 3850 1160 3906 audiuit
1183 3848 1249 3903 lieet
1273 3867 1329 3904 non

244 3939 358 3993 omnino
375 3938 531 3994 secundum
548 3939 668 3994 formam
687 3939 789 3994 statuti
811 3956 876 3994 cum
895 3939 988 3994 tribus
1007 3937 1234 4010 responsionibus
1254 3937 1328 3993 suffi-

244 4025 319 4079 cient
338 4023 392 4078 sibi
412 4023 448 4079 ad
466 4024 647 4096 incipendum
665 4026 695 4079 in
717 4023 827 4080 artibus

172 4112 279 4169 Eadem
294 4112 386 4184 grstia
401 4111 436 4166 de
452 4112 537 4167 verbo
550 4112 579 4166 in
597 4111 714 4167 verbum
729 4112 891 4168 conceditur
906 4112 1012 4168 Iacobo
1030 4113 1151 4169 Haddon
1169 4119 1199 4168 et
1214 4112 1329 4167 domiuo
1354 4110 1356 4114 ’

244 4200 415 4273 Dobynsono

173 4289 247 4345 Item
255 4289 418 4346 conceditur
424 4289 539 4344 domino
549 4288 653 4344 Walles
662 4296 694 4344 vt
703 4308 804 4345 novem
814 4291 927 4345 termini
938 4294 1001 4362 post
1011 4291 1123 4344 finalem
1130 4289 1328 4344 eiusdetermi·

243 4379 387 4435 nationem
406 4379 437 4434 in
461 4374 567 4450 quibus
587 4379 722 4434 lectiones
742 4379 898 4436 ordinaries
918 4379 1030 4436 audiuit
1047 4378 1114 4434 licet
1137 4396 1193 4434 non
1215 4380 1329 4436 omnino
