3386 5114
788 278 902 328 aaron
925 277 1018 326 soor
1040 278 1063 326 Δ
1335 260 1502 346 [1565-66

519 437 639 492 Travers
651 435 705 506 (ju)
853 430 1049 488 Goldesborow
1148 431 1240 488 Baiter

520 525 589 580 Best
849 521 933 577 Ware
1143 519 1264 576 Woodes

447 641 449 644 -
522 609 643 679 Mottley
848 605 1018 676 Wolfynden
1145 603 1256 660 Holden

521 695 640 768 Fynkell
851 695 963 750 Pollard
1146 692 1302 764 Remchym

522 783 633 854 Knight
850 781 997 838 Wentiord
1146 781 1258 852 Droope

523 872 717 930 Richemound
851 872 968 943 Younge

223 1089 298 1148 i85
313 1090 332 1147 b
346 1100 516 1156 Conceditur
539 1101 602 1173 viij⁰
626 1101 772 1156 Februarii
790 1109 822 1156 vt
840 1100 1026 1172 questioniste
1048 1099 1159 1172 possint
1176 1098 1343 1171 respondere
1360 1099 1503 1172 questioni

416 1193 482 1261 post
493 1190 598 1245 festum
611 1189 815 1260 purificationis
827 1207 883 1244 non
896 1187 1027 1244 obstante
1040 1191 1150 1244 statuto

347 1277 517 1332 Conceditur
528 1277 626 1332 eodem
641 1281 673 1332 vt
689 1277 816 1348 magistri
833 1276 971 1348 Wyclram
988 1280 1017 1331 et
1034 1275 1132 1330 Barow
1148 1274 1207 1330 sint
1224 1277 1318 1329 vestra
1334 1273 1504 1329 auctoritate

418 1366 623 1422 examinatores
634 1365 886 1436 questionistarum
898 1364 984 1419 huius
995 1365 1064 1420 anui

776 1729 929 1816 Magistri
952 1729 1074 1794 artium

349 1919 520 1976 Conceditur
531 1919 593 1991 viij⁰
606 1917 750 1974 Februarii
759 1918 901 1974 Willelmo
914 1919 1046 1991 Ashebye
1057 1927 1089 1974 vt
1102 1923 1119 1976 9
1131 1918 1245 1974 terrnini
1256 1918 1285 1973 in
1295 1918 1400 1989 quibus
1408 1917 1503 1972 lectio-

421 2026 471 2063 nes
492 2008 647 2062 ordinarias
668 2007 780 2062 audiuit
797 2007 864 2061 licet
883 2024 938 2061 non
956 2007 1071 2060 omniuo
1089 2005 1244 2062 secundum
1262 2006 1382 2061 formam
1399 2005 1503 2060 statuti

420 2115 485 2151 cum
498 2095 593 2150 studio
610 2095 736 2166 quinque
753 2111 891 2150 annorum
908 2096 937 2149 in
955 2092 1168 2150 humanioribus
1180 2093 1338 2165 disciplinis
1349 2093 1505 2150 dialecticis

420 2183 619 2256 philosophicis
640 2183 729 2253 grecis
748 2182 900 2253 latinisque
917 2183 1008 2238 literis
1027 2183 1131 2254 partim
1153 2181 1265 2237 Lutetia
1283 2183 1388 2253 partim
1405 2183 1434 2236 in
1451 2181 1505 2237 hec

419 2272 564 2327 academia
577 2270 718 2326 sufficiant
729 2269 756 2324 ei
768 2269 805 2324 ed
816 2269 1008 2340 incipiendum
1020 2269 1050 2324 in
1061 2269 1172 2324 artibus
1186 2269 1227 2324 sio
1243 2277 1275 2325 vt
1291 2270 1353 2325 eius
1368 2269 1504 2325 admissio

420 2363 477 2414 stet
488 2377 540 2430 pro
551 2357 698 2428 eompletis
709 2356 798 2428 gradu
810 2363 839 2412 et
852 2357 941 2412 iorma
952 2357 1087 2428 quoniam
1098 2357 1160 2412 sine
1172 2373 1272 2428 magno
1290 2375 1342 2412 suo
1357 2356 1504 2430 dispendio

420 2451 533 2516 tempus
545 2444 723 2499 comitiorum
735 2447 883 2514 expectare
894 2461 951 2498 non
963 2443 1054 2514 possit
1066 2443 1115 2498 sed
1127 2449 1224 2498 tamen
1237 2447 1269 2498 vt
1280 2445 1444 2501 convivetur

350 2533 519 2589 Conceditur
531 2537 566 2590 99
580 2532 677 2588 Martii
694 2531 762 2586 Tho.
777 2531 869 2603 Edgar
888 2536 920 2586 vt
936 2531 1064 2587 studium
1082 2537 1115 2586 12
1131 2549 1269 2587 annorum
1286 2532 1315 2586 in
1332 2532 1504 2588 humaniori-

420 2621 474 2676 bus
490 2621 579 2676 literis
595 2625 625 2676 et
641 2620 728 2675 sacris
744 2638 808 2675 cum
825 2619 917 2676 tribus
933 2620 1162 2692 msponsionibus
1178 2624 1207 2675 et
1221 2619 1286 2676 eliis
1301 2621 1440 2676 exercitiis
1454 2637 1505 2692 per

420 2709 496 2780 regia
512 2713 623 2764 statuta
638 2707 782 2779 requisitis
796 2707 918 2762 sufficiat
934 2707 960 2763 ei
976 2707 1013 2763 ed
1029 2707 1221 2780 incipiendum
1237 2707 1267 2763 in
1284 2707 1395 2764 artibus
1410 2708 1451 2763 sic
1472 2712 1504 2763 vt

421 2800 515 2852 vestra
535 2797 705 2852 auctoritate
726 2796 894 2867 respondeat
914 2796 944 2852 in
966 2796 1066 2853 habitu
1088 2795 1266 2852 bachalaurei
1284 2800 1315 2852 et
1331 2796 1422 2852 solvat
1444 2797 1504 2852 vni-

421 2884 551 2939 uersitati
569 2901 627 2938 xxs

350 2973 520 3029 Conceditur
531 2971 628 3028 eodem
639 2971 754 3027 domino
766 2971 784 3026 J
786 2971 891 3026 ohanni
904 2971 1010 3026 Bar-lter
1021 2971 1164 3043 quondam
1176 2971 1251 3027 socio
1263 2971 1370 3044 collegii
1387 2972 1455 3044 regii
1472 2978 1505 3028 vt

420 3061 449 3116 ix
470 3061 585 3116 termini
608 3065 673 3132 post
697 3060 809 3116 finalem
833 3060 895 3115 eius
918 3059 1182 3116 determinationem
1200 3061 1230 3115 in
1248 3059 1352 3133 quibus
1370 3062 1504 3118 lectiones

420 3148 575 3205 ordinarias
593 3148 705 3204 audivit
724 3149 791 3204 licet
810 3165 866 3203 non
883 3149 997 3204 omnino
1013 3149 1168 3204 secundum
1184 3150 1304 3204 formem
1320 3151 1422 3206 statuti
1438 3167 1503 3206 cum

420 3236 645 3310 oppositionibus
668 3236 896 3309 responsionibus
920 3241 950 3294 et
972 3237 1036 3294 eliis
1060 3238 1199 3293 exercitiis
1222 3255 1273 3310 per
1296 3243 1405 3295 statute
1428 3240 1504 3310 regia

420 3326 564 3397 requisitis
576 3325 718 3380 sufficiant
729 3325 754 3380 ei
766 3325 803 3380 ed
816 3326 1007 3398 incipiendum
1020 3326 1050 3380 in
1062 3325 1172 3382 artibus
1188 3327 1229 3382 sie
1245 3330 1278 3382 vt
1293 3327 1355 3382 eius
1370 3327 1504 3382 admissio

420 3420 478 3470 stet
489 3432 540 3485 pro
552 3414 699 3486 completis
710 3414 799 3484 gradu
810 3419 841 3469 et
852 3415 942 3469 forma
953 3414 1089 3485 quoniam
1101 3415 1162 3470 sine
1174 3431 1276 3485 magno
1288 3433 1340 3470 suo
1356 3414 1503 3487 dispendio

420 3509 534 3574 tempus
545 3501 723 3558 comitiorum
735 3507 882 3574 expect-me
894 3520 951 3558 non
963 3508 1058 3574 potest
1070 3504 1111 3558 ite
1123 3508 1219 3558 temen
1231 3507 1264 3558 vt
1276 3504 1439 3560 convivetur

350 3590 521 3647 Conceditur
532 3595 579 3646 22⁰
591 3590 736 3646 Februarii
748 3590 775 3646 d.
789 3591 913 3646 iohanni
926 3590 1102 3646 Olaribachio
1115 3596 1146 3646 vt
1159 3595 1176 3648 9
1189 3591 1303 3647 termini
1315 3595 1380 3663 post
1392 3591 1503 3647 finalem

420 3679 481 3734 eius
492 3677 755 3734 determinationem
768 3679 797 3733 in
810 3679 915 3750 quibus
927 3679 1061 3734 lectiones
1073 3678 1230 3735 ordinarias
1241 3679 1352 3736 audiuit
1368 3679 1433 3735 iicet
1447 3697 1504 3735 non

420 3765 535 3820 omnino
547 3765 702 3822 secundum
714 3766 834 3822 formam
846 3765 949 3822 statuti
962 3783 1028 3822 cum
1039 3765 1264 3838 oppositionibus
1276 3765 1504 3838 responsionibus

419 3856 449 3907 et
461 3851 524 3907 aliis
536 3850 676 3907 exercitiis
688 3869 738 3924 per
750 3855 860 3908 statuta
871 3852 948 3924 regia
959 3853 1104 3923 requisitis
1118 3851 1260 3908 sufficiant
1275 3852 1301 3908 ei
1317 3853 1354 3908 ed
1370 3853 1504 3924 incipien-

419 3941 488 3996 dum
501 3940 530 3994 in
542 3939 653 3995 artibus

350 4029 456 4085 Eadem
468 4029 560 4100 gratia
571 4028 733 4084 conceditur
745 4033 780 4086 29
793 4029 891 4085 Martii
902 4030 929 4086 d.
943 4030 1031 4086 Anth.
1045 4030 1211 4086 Woodward
1223 4030 1250 4086 d
1263 4029 1395 4086 Christoi.
1410 4029 1504 4102 Kyrk-

419 4117 486 4174 land
498 4116 525 4173 d
539 4117 670 4173 Christos.
685 4117 789 4189 Fewyll
803 4117 830 4173 d
847 4117 897 4173 Ed
915 4118 1085 4175 Grenewood
1101 4119 1128 4175 d
1146 4119 1214 4176 Rob.
1231 4117 1356 4175 Helland
1372 4119 1399 4175 d
1417 4118 1503 4174 Mich.

420 4205 576 4276 Hennydge
588 4205 615 4261 d
629 4205 647 4260 J
649 4224 673 4262 o.
688 4205 787 4261 Pieerd
798 4205 825 4261 d
839 4205 887 4260 W⁰
899 4206 1010 4263 Oberke
1022 4207 1049 4263 d
1062 4208 1080 4263 J
1082 4225 1107 4263 o.
1122 4208 1211 4264 Nesse
1221 4207 1249 4263 d
1260 4207 1339 4263 Alea
1354 4207 1505 4280 Fitzjefrey

418 4293 445 4349 d
459 4295 589 4350 Gwatero
600 4293 685 4350 Ailen
696 4293 724 4351 d.
737 4295 819 4352 Ednu
834 4295 940 4352 Barker
