3394 5114
216 335 381 421 1572-73]
645 352 759 400 01101
783 352 874 400 10011
898 352 920 400 Δ
1306 340 1370 404 263

214 506 302 563 Kette
423 509 491 563 Ben.
598 508 695 564 Franc.
710 506 796 564 Holte
807 508 850 563 10.
984 507 1100 578 Megson
1194 506 1213 561 J
1214 524 1238 564 0.

213 595 342 651 Fletcher
422 597 503 652 Clere
601 596 743 651 Braunam
809 596 853 650 Jo.
986 594 1111 650 Ferrend
1194 594 1251 650 Tri.

214 683 372 754 Frcnkleyn
425 685 489 740 Kat.
599 684 715 834 Ducke}
807 725 863 784 Tri·
985 684 1071 754 Paget
1196 684 1318 754 Regiuel.

369 785 379 924 1
423 817 489 871 nen,

597 771 686 827 Jacob
1160 775 1195 826 63

213 772 360 844 Mydgeley

213 861 291 916 Dore

213 1053 296 1110 Mem.
316 1053 392 1123 quod
413 1053 457 1108 1ο.
478 1053 629 1126 Rcbynson
651 1071 707 1109 nou
729 1054 858 1109 interfuit
877 1053 1000 1109 comitiis
1020 1059 1049 1108 et
1070 1052 1132 1108 ideo
1151 1053 1285 1108 forisfecit
1304 1071 1368 1109 cau·

282 1142 389 1197 tionem

212 1227 381 1283 Conceditur
399 1231 432 1282 16
449 1227 611 1284 Decembris
628 1228 704 1283 Edu.
717 1229 828 1284 Greunt
845 1229 874 1283 in
890 1228 1033 1283 academie
1045 1227 1196 1282 0101101111
1213 1229 1243 1283 11
1259 1228 1370 1284 artibus

283 1317 416 1386 megistro
430 1322 461 1371 vt
475 1317 514 1372 sit
530 1317 576 1372 hio
591 1317 667 1389 apud
685 1335 734 1372 vos
751 1319 780 1372 in
793 1316 908 1372 eiisdem
925 1317 1014 1388 gradu
1026 1317 1122 1372 ordine
1134 1322 1164 1371 et
1178 1333 1253 1371 1110
1265 1316 1370 1389 quibus

281 1411 325 1460 est
336 1405 411 1477 epud
424 1425 490 1462 suos
502 1408 673 1463 Oxonienses

211 1493 317 1548 Eadem
334 1493 426 1563 gratie
444 1493 606 1548 conceditur
623 1497 641 1547 6
657 1493 675 1547 J
678 1493 727 1548 ulii
742 1494 868 1548 Antonio
886 1492 993 1565 Blyucc
1011 1493 1079 1547 Tho.
1100 1492 1245 1564 Philipeon
1263 1492 1367 1549 Christ.

282 1582 433 1653 Atkynson
452 1583 520 1637 Tho,
540 1582 711 1654 Menerynge
730 1581 837 1653 Myloni
857 1582 911 1636 Leo
929 1585 960 1635 et
978 1581 1025 1635 W⁰
1044 1581 1129 1635 Holte

568 2000 753 2064 Praeticens
779 2001 813 2064 in
838 1999 1013 2086 Chirurgia

212 2189 383 2246 Conceditur
410 2195 442 2247 17
468 2189 598 2246 Octobris
621 2190 734 2245 doctore
762 2188 870 2260 Rogero
898 2189 988 2244 Kelke
1013 2188 1238 2244 vicecancellario
1261 2190 1369 2245 Thome

282 2279 417 2335 Γ1111111111
436 2279 544 2349 collegii
566 2279 678 2350 Regalis
698 2278 774 2333 socio
796 2284 828 2333 vt
851 2278 978 2333 studium
999 2282 1029 2333 et
1049 2278 1174 2349 practica
1194 2282 1369 2334 6111011111

281 2369 311 2422 in
324 2367 464 2438 chirurgia
479 2366 600 2422 sufficiet
612 2367 637 2422 ei
650 2367 685 2421 ad
701 2367 913 2438 practicandum
926 2367 955 2421 in
968 2366 1066 2422 ecdem
1078 2366 1118 2421 sic
1130 2372 1163 2420 vt
1174 2367 1235 2422 eius
1246 2367 1370 2437 cognicio

281 2458 360 2528 prius
377 2457 553 2512 examinetur
570 2461 600 2510 et
620 2455 792 2528 approbetur
812 2472 862 2527 per
878 2455 1005 2510 doctores
1027 2455 1155 2510 Hatcher
1172 2461 1201 2510 et
1219 2454 1322 2510 Wnrde
1339 2460 1369 2511 et

282 2564 331 2618 per
348 2562 436 2600 vnum
457 2562 553 2600 eorum
574 2549 752 2616 presentetur
772 2546 802 2600 11
823 2546 907 2617 plene
927 2546 1142 2616 congregacione
1161 2545 1318 2616 regentium
1340 2551 1370 2600 et

282 2649 366 2702 super
386 2630 439 2685 hnc
456 2633 633 2685 concessione
655 2635 748 2686 vestra
769 2631 866 2686 literne
886 2631 991 2686 hebeat
1011 2631 1147 2703 sigillatos
1167 2631 1258 2702 sigillo
1277 2635 1370 2686 vestro

281 2721 423 2775 communi
460 2721 642 2776 Pmsentatus
660 2739 711 2792 per
728 2721 870 2776 doctorem
888 2720 976 2776 Werd
995 2725 1029 2776 16
1048 2720 1210 2776 Decembris

575 3139 759 3204 Praeticans
782 3140 817 3203 in
841 3139 1004 3205 Medicina

210 3332 380 3388 Conceditur
398 3335 431 3386 19
446 3331 575 3386 Januerii
592 3331 727 3402 magistro
742 3331 850 3387 Thcme
867 3331 1017 3401 Barwyclre
1033 3335 1065 3387 16
1083 3331 1210 3388 studium
1229 3335 1264 3387 10
1281 3350 1368 3388 anno·

218 3455 220 3458 -
280 3438 344 3474 rum
363 3421 392 3475 in
410 3419 549 3474 medicina
564 3424 715 3491 postquem
731 3419 834 3475 rexerit
852 3420 881 3474 in
899 3418 1009 3474 artibus
1026 3421 1149 3475 sufficiat
1165 3421 1191 3475 ei
1209 3420 1245 3475 ad
1265 3422 1367 3492 practi-

280 3506 402 3561 ccndum
418 3507 448 3560 iu
460 3505 558 3561 eadem
572 3506 705 3561 facultate
717 3505 758 3560 sic
770 3510 802 3561 vt
814 3505 875 3560 eius
885 3504 1007 3560 eruditio
1019 3509 1048 3559 et
1060 3507 1184 3576 cognicio
1196 3507 1369 3580 approbetur

280 3613 331 3666 per
350 3594 477 3650 doctores
499 3594 626 3649 Hatcher
644 3597 674 3648 et
695 3593 822 3648 Berrcwe
843 3599 872 3648 et
893 3611 943 3665 per
962 3610 1049 3648 vnum
1070 3611 1167 3650 eorum
1191 3601 1369 3666 presentetur

281 3688 311 3738 et
326 3702 411 3756 super
426 3684 478 3738 hec
490 3689 584 3738 vestra
596 3683 773 3738 couoeesione
784 3682 882 3738 literes
899 3681 1002 3736 habeat
1017 3681 1155 3752 sigillatas
1171 3684 1262 3754 sigillo
1275 3692 1368 3742 vestro

282 3789 424 3827 commum

210 3860 380 3916 Conceditur
401 3864 435 3915 23
456 3859 537 3914 Junii
555 3875 621 3913 cum
642 3857 776 3928 magister
797 3857 920 3912 Thomas
941 3855 1092 3928 Bcrwyclre
1111 3857 1157 3912 cui
1178 3859 1369 3929 superioribus

281 3949 381 4005 diebus
395 3949 572 4004 concessistis
587 3947 708 4018 gretiam
724 3946 759 4001 ed
776 3944 990 4017 practicaudum
1007 3945 1037 4000 in
1055 3945 1195 4000 medicine
1211 3951 1293 4002 tanta
1310 3966 1368 4003 cor-

281 4039 357 4110 poris
383 4037 576 4093 imbecillitate
600 4035 708 4091 laboret
731 4043 764 4089 vt
786 4032 823 4088 cd
846 4033 1019 4088 credemiam
1042 4033 1172 4089 cccedere
1197 4052 1252 4090 101
1279 4038 1370 4107 possit

281 4127 390 4198 pleoeat
414 4125 494 4182 vobie
517 4129 549 4180 16
577 4124 651 4180 idem
676 4122 859 4178 nihilominus
885 4138 969 4192 super
995 4120 1198 4194 opprobecione
1222 4122 1369 4181 doctorum

283 4214 409 4270 Hatcher
432 4219 463 4269 et
483 4214 611 4269 Berrowe
636 4229 771 4267 manuum
792 4227 908 4266 euamm
929 4209 1135 4280 subscriptione
1155 4212 1322 4268 confirmata
1341 4220 1371 4269 et

283 4302 357 4374 apud
384 4303 535 4372 registrum
559 4298 720 4371 reponenda
744 4295 847 4352 hebent
874 4296 971 4352 literas
999 4295 1160 4352 huiusmodi
1183 4301 1372 4358 concessionis

285 4397 376 4446 vestre
395 4390 532 4461 sigillatas
551 4388 642 4461 sigillo
660 4392 754 4444 vestro
770 4387 913 4442 communi
934 4388 1069 4458 queniam
1092 4389 1216 4458 mgnicio
1234 4395 1265 4444 et
1287 4409 1374 4462 opere
