3378 5126
798 365 1028 414 0111010001
1052 363 1075 411 a
1358 347 1530 430 [1585-86
1634 385 1641 394 -

733 844 919 909 Praeticans
941 844 975 908 in
999 841 1161 908 medicina

366 1033 536 1088 Conceditur
549 1037 583 1087 29
595 1031 703 1104 Aprilis
715 1031 850 1101 magistro
863 1030 984 1084 Ricardo
997 1030 1165 1100 Remington
1179 1033 1211 1084 111
1222 1029 1349 1084 studium
1363 1031 1528 1084 'lannorum

437 1123 466 1176 in
483 1121 623 1175 medicina
639 1125 790 1192 postquam
808 1121 910 1174 rexerit
925 1121 954 1174 in
970 1119 1081 1175 artibus
1093 1119 1215 1173 sufficiat
1226 1119 1251 1174 ei
1264 1117 1300 1172 ad
1312 1117 1527 1190 practicsndum

438 1211 467 1264 in
488 1210 586 1265 eadem
607 1210 699 1266 sicvt
719 1211 781 1265 eius
801 1209 923 1264 eruditio
944 1209 1023 1280 prius
1044 1209 1221 1264 examinetur
1238 1213 1267 1262 et
1284 1207 1456 1280 approbetur
1476 1225 1528 1279 per

436 1295 564 1350 doctores
581 1296 694 1368 Lorkyn
711 1301 741 1350 01
759 1296 857 1350 Ρο0100
873 1299 904 1350 01
921 1311 971 1366 per
983 1311 1071 1349 vnum
1088 1311 1186 1348 eorum
1202 1296 1381 1365 presentetur
1396 1293 1426 1348 in
1443 1293 1528 1364 plena

437 1387 649 1456 congregatione
667 1385 834 1456 Regentium
849 1391 878 1439 et
893 1401 949 1440 non
967 1383 1136 1454 Regentium
1148 1388 1177 1438 et
1190 1399 1275 1454 super
1286 1382 1338 1437 hec
1350 1382 1528 1438 concessione

437 1479 531 1530 vestra
550 1473 647 1529 literas
666 1473 768 1528 habeat
786 1474 924 1545 sigillatas
942 1473 1034 1544 sigillo
1051 1479 1145 1528 vestro
1163 1472 1305 1528 communi
1348 1471 1432 1527 Mem.
1451 1471 1528 1542 quod

437 1564 510 1621 idem
528 1571 707 1636 presentatus
723 1565 779 1621 fuit
795 1584 845 1637 per
860 1565 1002 1620 doctorem
1022 1564 1122 1620 Pearse
1140 1563 1189 1620 sed
1208 1565 1276 1635 quia
1294 1563 1393 1619 doctor
1413 1563 1526 1635 Lorkyn

437 1653 528 1708 noluit
540 1653 715 1708 subscribere
726 1672 777 1709 sue
788 1653 878 1724 gratie
890 1671 947 1709 non
960 1651 1060 1708 hebuit
1072 1653 1169 1708 literas
1180 1651 1384 1708 testimoniales

849 2147 1048 2232 Incorporati

366 2342 395 2390 6⁰
406 2335 475 2390 Julii
494 2334 574 2388 Edm.
589 2333 682 2404 Snape
696 2332 737 2386 W.
752 2333 779 2386 N
781 2336 828 2388 1111
845 2333 913 2387 llilo
931 2333 1050 2404 Smytbe
1062 2333 1106 2388 Jc.
1121 2333 1220 2404 Pirryn
1239 2333 1297 2387 Ric.
1312 2333 1370 2387 (iux
1385 2333 1426 2387 W.
1443 2333 1526 2388 Hub

436 2423 522 2477 bocke
539 2425 569 2476 et
587 2421 655 2476 Tho.
675 2421 759 2475 Veale
777 2420 877 2475 Oxonii
896 2421 926 2475 in
943 2419 1054 2475 artibus
1071 2421 1199 2491 magistri
1217 2426 1285 2476 suut
1304 2421 1474 2493 incorporati
1495 2423 1526 2477 in

437 2512 489 2567 hac
505 2510 649 2565 academia
666 2527 716 2580 per
733 2509 853 2579 gratiam

642 2965 764 3029 Gratiae
787 2987 850 3029 non
875 2977 1107 3030 concernentes
1129 2969 1250 3053 gradus

366 3153 537 3209 Conceditur
553 3157 587 3208 26
605 3150 774 3206 Novembris
790 3151 858 3206 Tho.
874 3151 1012 3222 Lovering
1027 3153 1056 3206 in
1073 3153 1183 3208 01111110
1198 3156 1333 3226 magistro
1350 3162 1381 3211 11
1397 3158 1435 3211 sit
1452 3176 1526 3214 vnns

436 3261 469 3297 01
489 3245 521 3295 12
537 3238 758 3312 predicatoribus
771 3239 823 3294 hoc
835 3256 909 3293 anno
922 3257 972 3310 per
983 3239 1155 3294 academiam
1168 3242 1334 3298 emittendis
1344 3243 1385 3298 sic
1397 3249 1429 3299 vt
1440 3261 1526 3316 super

436 3331 489 3383 hac
509 3332 604 3383 vestra
624 3327 801 3381 concessione
822 3326 918 3380 literas
939 3326 1043 3382 hebeat
1063 3327 1202 3398 sigillatas
1222 3329 1314 3399 sigillo
1336 3337 1429 3386 vestro
1449 3349 1523 3387 com-

436 3417 516 3472 muni
561 3415 666 3470 Eadem
683 3415 774 3486 gratia
786 3414 949 3470 conceditur
964 3414 1062 3470 eodem
1078 3417 1213 3487 magistro
1230 3416 1313 3472 Mcisi
1330 3419 1437 3474 Fowler
1447 3438 1526 3477 sacre

437 3505 575 3575 theologie
595 3503 796 3558 bacchelaureo
841 3507 873 3557 21
893 3502 1024 3557 Januarii
1043 3503 1086 3558 Jo.
1106 3503 1195 3573 Jegon
1215 3503 1263 3558 W⁰
1281 3505 1427 3561 1011101100
1448 3525 1526 3565 sacre

437 3593 575 3663 theologie
605 3591 814 3647 bacchaleureis
843 3596 872 3647 et
897 3591 1037 3646 Clementi
1069 3591 1170 3661 Smytb
1199 3591 1229 3646 in
1254 3592 1364 3648 artibus
1391 3597 1527 3666 magistro

439 3688 484 3738 12ο
513 3681 658 3736 Februarii
689 3678 813 3734 Roberto
843 3677 1019 3734 Williamson
1050 3696 1127 3733 sacre
1157 3679 1295 3750 theologie
1327 3680 1527 3742 bacchalanreo

437 3777 466 3827 3⁰
486 3770 566 3824 Junii
590 3768 634 3824 Jo.
656 3768 761 3822 Barnes
782 3767 826 3822 Jo.
850 3767 932 3821 Dodd
955 3767 984 3820 in
1007 3766 1116 3822 artibus
1138 3768 1281 3837 magistris
1326 3773 1343 3824 6
1363 3770 1434 3826 Julii
1455 3773 1526 3828 Tho.

437 3858 546 3912 Wilsha
563 3856 606 3911 J0.
626 3857 723 3911 James
741 3860 770 3910 01
789 3855 831 3910 Ri.
852 3855 944 3909 Motte
962 3873 1039 3909 00010
1057 3855 1195 3926 theologie
1213 3855 1421 3914 bacchalaureis

366 3948 565 4007 conceduntur
584 3949 618 4000 26
637 3943 805 3999 Novembris
823 3943 903 3998 litere
919 3944 1124 3999 testimoniales
1140 3944 1244 4016 gradus
1259 3949 1289 3999 et
1306 3951 1526 4007 conversationis

436 4036 571 4107 magistro
590 4033 713 4087 Henrico
732 4031 877 4102 Hawlryns
920 4031 1026 4086 Eodem

367 4129 420 4182 Pro
436 4121 592 4195 incepturia
635 4120 707 4175 Cum
724 4119 781 4174 duc
795 4119 897 4174 diesin
910 4119 1037 4190 qualibet
1049 4120 1208 4191 septimane
1220 4121 1272 4178 hoc
1284 4139 1359 4176 anno
1371 4123 1526 4196 incepturis

436 4231 492 4269 nou
509 4210 653 4267 sufficiunt
670 4227 720 4280 pro
736 4227 833 4262 eorum
850 4207 924 4263 inter
936 4227 967 4264 se
978 4209 1221 4281 disputationibus
1232 4218 1262 4266 et
1273 4210 1527 4271 declamationibus

436 4303 528 4374 placet
547 4298 626 4354 vobis
647 4302 678 4352 vt
697 4301 791 4352 vestra
811 4297 980 4352 auctoritate
1001 4303 1031 4352 et
1049 4297 1163 4352 licentia
1184 4298 1294 4369 possint
1313 4299 1405 4355 tribus
1425 4302 1526 4360 diebus

435 4393 465 4446 in
489 4385 615 4460 qualibet
639 4385 798 4457 septimane
821 4385 858 4440 ad
881 4385 1101 4458 assignationem
1125 4385 1234 4441 domini
1260 4389 1469 4458 procancellarii
1495 4399 1525 4448 et
