3344 5110
771 323 885 371 GRACE
908 321 1001 369 BOOK
1024 320 1046 368 A

1330 301 1501 386 [rum-43

387 735 554 802 Numerus
577 735 882 802 bscchsleureorum
905 735 939 800 iu
961 733 1087 800 artibus
1109 734 1203 798 iuxta
1224 729 1447 797 senioritatem

501 1005 606 1077 noges

500 1091 611 1164 Gnoso

501 1179 608 1235 Blande

454 1267 481 1323 d.
501 1267 656 1323 Grenwood

500 1356 644 1412 Grsvener

502 1443 654 1500 Hawforde

501 1533 592 1606 Bsyly

502 1619 655 1676 Brsdshsw

502 1708 624 1764 Bormde

503 1796 587 1867 Msye

500 1883 598 1939 Ssdler

827 840 887 906 hoc
910 847 1008 905 anno¹

835 1003 981 1076 Mydleton

787 1091 814 1147 d.
834 1091 961 1146 Lencton

837 1179 938 1250 Lyster

838 1265 940 1337 Myche

835 1354 1011 1426 Stcndysshe

1222 1001 1337 1056 Murton

1222 1087 1338 1144 Loveios

1223 1175 1373 1247 waaytes

1224 1263 1319 1318 Rooke

1223 1352 1356 1423 Heslryns

1223 1439 1299 1495 Snell

1222 1528 1337 1600 Gybeon

1221 1613 1343 1688 Tyndell

1223 1701 1335 1775 Pyndar

1223 1790 1311 1846 Wode

1220 1879 1349 1935 Mochett

248 2215 268 2274 i.
285 2214 335 2273 sb
486 2251 496 2268 ·
746 2210 895 2297 Magistri
918 2210 951 2275 in
974 2209 1100 2275 artibus

345 2379 379 2433 In
396 2379 495 2451 primis
511 2379 674 2435 comeditur
689 2379 792 2434 Joonni
806 2377 1014 2434 Christoferson
1027 2382 1059 2432 vt
1075 2382 1138 2433 octo
1154 2378 1269 2433 termini
1285 2379 1418 2450 completi
1436 2385 1502 2451 post

416 2469 477 2524 eius
489 2469 601 2524 finalem
610 2467 875 2524 determinationem
884 2484 949 2521 cum
961 2465 1054 2521 tribus
1064 2465 1290 2537 responsionibus
1298 2484 1417 2538 quorum
1430 2467 1502 2522 duas

417 2555 518 2610 habuit
539 2555 569 2609 in
588 2555 697 2609 vltimis
717 2553 1000 2610 determinationibus
1019 2553 1161 2609 sufficient
1181 2553 1235 2609 sibi
1253 2554 1291 2610 ed
1310 2555 1500 2627 incipiendum

417 2643 447 2697 in
463 2641 573 2697 ortibus

348 2732 422 2786 item
446 2729 609 2785 conceditur
632 2729 746 2784 domino
768 2729 883 2801 Wylson
905 2735 937 2784 vt
958 2745 1058 2783 novem
1080 2729 1194 2783 termini
1218 2733 1282 2800 post
1307 2730 1418 2784 finalem
1441 2731 1502 2785 eius

418 2816 681 2872 determinationem
698 2816 728 2871 in
745 2815 849 2887 quibus
864 2816 999 2870 lectiones
1010 2814 1165 2870 ordinarias
1177 2814 1288 2870 audiuit
1304 2833 1354 2886 per
1368 2817 1501 2872 maiorem

419 2911 529 2977 partem
542 2905 571 2960 iu
583 2909 644 2959 toto
653 2921 718 2959 cum
731 2903 823 2958 tribus
834 2902 1062 2976 responsionibus
1073 2904 1215 2958 sufficient
1226 2905 1252 2959 ei
1264 2904 1300 2959 ed
1312 2905 1502 2977 incipiendum

419 2995 449 3048 in
466 2993 576 3049 artibus

350 3081 456 3138 Eodem
473 3083 565 3154 gretie
581 3082 617 3137 de
635 3081 720 3137 verbo
738 3082 769 3137 in
787 3081 905 3137 verbum
920 3081 1082 3137 conceditur
1100 3081 1222 3136 dominis
1238 3082 1379 3138 Assheton
1396 3083 1431 3139 de
1448 3085 1502 3139 col-

420 3170 492 3240 legio
517 3171 591 3225 Petri
615 3168 738 3226 Roberto
758 3170 839 3225 Fuell
863 3170 985 3226 dominis
1007 3169 1084 3224 Here
1110 3169 1249 3225 Gulielmo
1274 3170 1371 3243 Lewys
1395 3172 1504 3227 Thema

421 3259 520 3314 Dobbe
535 3265 564 3315 et
577 3259 727 3315 Edmuudo
741 3259 835 3314 Leisee

351 3346 425 3401 item
437 3345 600 3402 conceditur
612 3345 726 3418 Hugoni
739 3345 871 3416 stlyns
882 3345 987 3400 ortium
1005 3344 1203 3400 buccheleureo
1216 3345 1332 3401 Oxoniis
1344 3352 1376 3401 vt
1387 3352 1444 3403 stet
1458 3348 1504 3403 hic

421 3436 450 3490 iu
462 3434 559 3490 ecdem
571 3435 728 3506 graduque
744 3438 863 3489 steterat
875 3433 980 3489 ibidem
995 3439 1025 3488 et
1034 3440 1066 3488 vt
1078 3452 1178 3489 novem
1190 3435 1304 3490 termini
1316 3439 1381 3506 post
1392 3436 1503 3492 finalem

420 3525 481 3578 eins
492 3523 754 3578 determinationem
774 3523 802 3577 in
815 3521 919 3594 quibus
931 3522 1064 3577 lectiones
1076 3522 1232 3577 ordinarios
1243 3522 1355 3578 audiuit
1369 3525 1434 3580 licet
1448 3542 1503 3579 non

421 3613 536 3668 omniuo
548 3612 703 3668 secundum
717 3613 837 3666 formem
848 3612 951 3666 statuti
963 3628 1028 3665 cum
1040 3610 1150 3666 duabus
1166 3612 1393 3683 responsionibus
1405 3619 1434 3668 et
1450 3632 1506 3668 vua

422 3698 577 3753 variatione
588 3715 663 3752 suno
675 3698 802 3770 proximo
813 3697 955 3752 sufficiant
967 3697 1021 3752 sibi
1033 3696 1068 3751 sd
1081 3697 1272 3768 incipiendum
1283 3699 1313 3752 in
1326 3701 1436 3755 ortibus

353 3787 427 3841 Item
448 3785 609 3840 conceditur
634 3784 756 3840 Roberto
777 3784 893 3855 Oowper
913 3790 945 3838 vt
966 3802 1067 3839 novem
1087 3785 1203 3838 termini
1226 3792 1291 3856 post
1311 3786 1423 3842 finalem
1445 3788 1505 3842 eius

422 3873 684 3929 determinationem
709 3875 738 3929 iu
763 3873 867 3945 quibus
888 3874 1021 3929 lectiones
1045 3873 1200 3929 ordinarios
1223 3873 1335 3929 audiuit
1359 3875 1424 3929 licet
1449 3893 1503 3930 non

423 3964 537 4018 omnino
561 3963 715 4018 seeundum
736 3965 855 4018 formam
881 3964 983 4017 statuti
1006 3981 1070 4018 cum
1092 3962 1185 4018 tribus
1204 3963 1432 4034 responsionibus
1449 3964 1505 4019 suf-

424 4050 520 4105 ficient
537 4049 591 4106 sibi
609 4050 645 4105 ad
664 4050 854 4122 incipiendum
873 4051 902 4105 in
921 4050 1031 4105 artibus

403 4252 413 4284 ¹
430 4251 514 4302 These
533 4267 624 4303 nomes
641 4267 685 4304 ere
697 4252 800 4304 written
814 4252 842 4302 in
858 4267 909 4302 one
928 4253 1034 4302 column
1054 4251 1179 4319 sidewoys
1195 4267 1284 4307 across
1300 4251 1346 4304 the
1362 4252 1462 4303 bottcnr
1481 4253 1509 4302 ot

354 4339 389 4390 to.
401 4339 440 4388 to
457 4337 524 4388 from
541 4337 588 4390 left
603 4341 632 4389 to
647 4335 727 4402 right.
