3394 5114
232 363 397 448 1568-69]
668 382 781 430 ennon
804 380 897 431 soon
919 383 941 429 e
1323 371 1386 436 229

231 531 401 588 Conceditur
422 538 455 588 10
475 533 637 588 Decembris
654 539 686 588 vt
702 533 840 588 terminus
859 533 994 588 hodierno
1011 533 1057 588 die
1075 534 1246 591 dissolvatur
1265 554 1320 591 non
1339 536 1386 591 ob·

299 628 394 677 stante
406 627 517 677 statuto
529 624 570 677 ita
582 627 677 677 tamen
690 629 723 676 vt
734 621 942 693 disputationes
953 622 1081 677 habende
1091 624 1218 694 proxima
1227 625 1386 696 septimana

298 728 349 781 pro
361 711 467 768 habitis
478 718 646 768 censeantur
657 711 750 782 quoad
764 713 913 782 magistros
925 712 975 783 qui
986 712 1169 782 disputarent

230 795 401 854 Conceditur
417 799 514 854 eodem
531 806 563 855 rt
579 801 714 870 magister
731 798 838 854 Guison
855 799 895 853 sit
911 817 985 853 vnus
999 799 1149 854 custodum
1165 801 1236 856 cista
1254 801 1384 873 Byllyng-

300 885 376 940 forth
400 892 429 941 et
454 887 566 942 Bowcer
590 888 650 942 vioe
674 886 802 956 magistri
827 886 930 957 Taylor
953 887 1021 956 quia
1045 886 1120 942 idem
1144 892 1242 943 contra
1265 889 1384 943 formem

298 979 473 1031 statutorum
490 976 596 1031 electus
613 975 711 1030 estad
729 973 887 1029 custodiam
905 974 1031 1029 eiusdem

228 1060 398 1118 Conceditur
409 1067 442 1118 18
452 1061 597 1118 Februarii
607 1070 639 1117 vt
648 1064 782 1133 magister
792 1061 911 1116 Randall
921 1062 1012 1133 possit
1023 1062 1138 1118 admitti
1147 1063 1183 1119 ad
1193 1063 1383 1136 incipiendum

299 1149 401 1222 injure
415 1151 490 1206 civili
504 1169 560 1206 non
576 1151 707 1206 obstante
722 1150 798 1222 quod
814 1149 925 1204 vnicam
942 1155 1057 1205 tantum
1075 1153 1212 1222 peregerit
1229 1154 1384 1224 responsio·

298 1255 363 1292 nem
376 1239 417 1293 ita
429 1243 524 1294 tamen
537 1244 569 1293 vt
580 1239 699 1293 alteram
712 1243 828 1309 peragat
840 1239 869 1292 in
883 1238 934 1292 hoo
947 1237 1069 1292 termino
1106 1239 1214 1295 Deinde
1231 1242 1270 1295 4⁸⁰
1287 1242 1384 1296 Martii

298 1328 461 1384 conceditur
478 1334 510 1383 vt
525 1329 669 1400 responsio
683 1328 809 1398 magistri
821 1327 961 1382 iohannis
974 1327 1095 1382 Randall
1108 1328 1160 1382 hoo
1172 1330 1293 1384 termino
1305 1348 1384 1401 pera-

297 1417 387 1485 genda
405 1418 429 1471 si
448 1435 504 1471 non
523 1423 639 1488 peragat
658 1418 726 1489 quia
745 1416 891 1472 commode
910 1417 970 1470 fieri
989 1434 1045 1471 non
1065 1422 1160 1488 potest
1185 1419 1235 1472 fiat
1257 1420 1384 1490 proximo

299 1507 420 1559 termino
431 1511 499 1560 ante
510 1507 625 1561 comitia
637 1507 681 1562 vel
694 1507 789 1577 potius
801 1507 831 1560 in
843 1506 978 1576 vesper-iis
991 1507 1167 1561 comitiorum
1184 1508 1208 1561 si
1226 1525 1282 1562 non
1299 1508 1385 1562 fuerit

299 1591 371 1648 alius
390 1594 517 1664 inceptor
536 1594 564 1646 in
583 1593 643 1648 iure
660 1593 735 1647 civili
754 1593 808 1648 sub
826 1611 898 1664 pena
917 1611 953 1646 os
972 1593 1102 1664 ponenda
1121 1595 1150 1648 in
1172 1594 1303 1649 manibus
1322 1613 1384 1667 pro·

298 1685 459 1735 curatorum
496 1681 641 1735 Postremo
662 1681 825 1734 conceditur
847 1685 875 1734 2⁰
893 1679 963 1734 Julii
985 1686 1018 1733 vt
1038 1681 1172 1736 admissio
1193 1683 1320 1752 magistri
1340 1682 1383 1737 Jo.

299 1769 419 1824 Randall
438 1770 477 1824 sit
498 1770 524 1824 ei
545 1788 596 1841 pro
615 1769 762 1839 completis
780 1768 869 1839 gradu
886 1773 916 1822 et
934 1769 1025 1823 forma
1042 1769 1118 1838 quod
1136 1770 1197 1824 sine
1216 1787 1385 1841 magnoaco

297 1855 468 1911 detrimento
484 1857 607 1911 comitiis
622 1857 757 1912 interesse
774 1875 831 1910 non
847 1861 941 1927 potest
958 1857 1000 1910 ita
1015 1861 1111 1911 tamen
1128 1858 1203 1928 quod
1220 1861 1385 1913 convivetur

298 1962 348 1998 nec
366 1945 451 1998 aliam
469 1946 592 1999 retineat
609 1945 802 1999 senioritetem
821 1961 907 2014 quam
926 1948 1008 2015 puter
1026 1944 1182 2014 assignabit
1201 1946 1230 1999 in
1250 1948 1384 2016 proximis

297 2033 420 2086 comitiis

226 2119 396 2174 Conceditur
420 2125 455 2175 28
479 2121 608 2174 Janucrii
638 2120 773 2190 quoniam
800 2119 861 2174 dies
884 2119 921 2173 ad
945 2119 1153 2189 disputationes
1177 2119 1384 2192 philosophicas

296 2209 432 2279 assignati
445 2207 633 2262 bechalauriis
646 2207 801 2277 incepturis
814 2224 870 2260 non
883 2207 1028 2260 sufficiunt
1040 2211 1073 2261 vt
1085 2224 1183 2261 omnes
1195 2207 1255 2262 dics
1267 2210 1383 2278 profesti

297 2313 347 2366 pro
359 2296 578 2367 disputabilibus
591 2299 758 2350 censeantur

227 2383 397 2438 Conceditur
410 2390 443 2439 13
457 2384 525 2438 Maii
543 2384 677 2453 magistro
695 2383 818 2437 Roberto
836 2383 947 2436 Norton
963 2389 995 2437 vt
1012 2384 1101 2453 possit
1117 2382 1232 2437 admitti
1248 2383 1383 2439 hodierno

297 2473 342 2528 die
364 2491 421 2527 non
440 2473 572 2528 obstante
589 2472 665 2543 quod
683 2490 740 2526 non
758 2472 896 2543 peregerit
914 2488 1072 2526 sermonem
1090 2489 1173 2525 suum
1192 2472 1229 2527 ad
1248 2474 1382 2544 populum

296 2564 431 2632 quoniam
443 2566 608 2634 peracturus
620 2565 664 2616 est
676 2561 796 2616 eundem
809 2560 854 2615 die
865 2560 1007 2615 dominica
1024 2561 1151 2630 proxima
1167 2559 1222 2614 sub
1237 2577 1310 2631 pena
1327 2579 1384 2615 xrs

296 2651 426 2721 ponenda
442 2653 471 2705 in
487 2650 618 2706 manibus
636 2653 848 2721 procreatorum
867 2653 933 2703 ante
948 2649 1009 2704 eius
1024 2648 1223 2704 admissionem
1265 2650 1383 2720 (peregit

297 2739 391 2793 omnia
402 2741 501 2811 marg.)

226 2827 331 2882 Eadem
356 2829 448 2898 gratia
471 2827 634 2881 conceditur
658 2827 755 2880 eodem
781 2826 915 2897 magistro
937 2827 1051 2897 Hngoni
1073 2827 1218 2882 Castelton
1265 2829 1382 2898 (peregit

297 2916 392 2970 omnia
411 2916 511 2988 marg.)
1199 2953 1200 2958 =

226 3003 395 3059 Conceditur
415 3007 431 3057 3
451 3002 530 3056 Junii
552 3003 687 3072 magistro
708 3003 751 3058 Jo.
775 3002 889 3056 Walker
910 3008 941 3057 vt
962 3003 1053 3073 possit
1073 3003 1188 3058 admitti
1208 3004 1243 3058 ad
1260 3003 1380 3074 gradum

294 3092 458 3146 doctoratus
482 3091 511 3145 iu
536 3091 676 3161 theologia
700 3091 834 3145 hodierno
858 3091 904 3145 die
927 3109 982 3146 non
1004 3091 1137 3146 obstante
1158 3091 1233 3163 quod
1256 3094 1379 3147 nondum

296 3181 433 3250 peregerit
448 3179 656 3250 responsionem
674 3183 704 3233 et
720 3179 910 3250 oppositiones
947 3179 994 3232 Ita
1012 3185 1106 3233 tamen
1126 3185 1157 3234 vt
1173 3182 1381 3252 responsionem

296 3273 410 3338 peragat
428 3272 495 3321 ante
513 3268 629 3320 comitia
647 3267 774 3336 proxima
792 3270 821 3320 et
839 3265 947 3335 relique
964 3267 1098 3320 exercitia
1116 3267 1190 3321 infra
1208 3285 1315 3322 annum
1332 3285 1382 3322 sue

295 3356 474 3410 admissionis
497 3353 551 3408 sub
574 3372 647 3425 pena
672 3353 712 3423 iiij
722 3354 743 3407 li
768 3353 897 3424 ponenda
921 3359 966 3406 etc
1002 3353 1111 3407 Deinde
1134 3353 1197 3423 viij⁰
1222 3354 1292 3409 Julii
1318 3373 1381 3408 con·

295 3445 405 3499 ceditur
416 3444 507 3498 eidem
520 3448 552 3498 vt
564 3443 704 3514 oppositio
716 3442 751 3497 ad
765 3459 852 3511 quam
864 3446 977 3495 tenetur
990 3443 1098 3496 ratione
1107 3441 1210 3511 gradus
1219 3443 1261 3496 sui
1273 3443 1383 3513 possint

295 3531 359 3605 [sic]
372 3533 496 3587 converti
509 3533 537 3586 in
551 3550 599 3586 ser
611 3549 753 3586 sermones
765 3530 800 3585 ad
814 3531 948 3601 populum
986 3531 1105 3601 (peregit
1117 3531 1212 3585 omnia
1224 3532 1323 3603 marg.)

225 3619 394 3674 Conceditur
406 3623 435 3673 3ο
447 3620 464 3674 J
467 3620 526 3674 unii
540 3619 673 3688 magistro
687 3617 809 3672 Roberto
822 3618 961 3672 Towervt
970 3619 1059 3688 possit
1069 3617 1257 3673 hodiernodie
1267 3619 1380 3673 admitti
1397 3619 1415 3676 f.
1433 3620 1470 3676 99
1482 3639 1500 3677 a

296 3725 352 3761 ncn
369 3706 500 3761 obstante
517 3708 592 3778 quod
609 3706 734 3760 nondum
751 3705 889 3776 peregerit
904 3705 1113 3775 responsionem
1130 3723 1212 3760 suam
1229 3707 1270 3759 ita
1287 3709 1381 3760 tamen

296 3800 328 3849 vt
340 3795 457 3850 eandem
470 3800 585 3866 peragat
597 3794 670 3849 infra
682 3811 788 3848 annum
800 3811 850 3848 sue
862 3794 1042 3848 admissionis
1051 3793 1105 3847 sub
1115 3811 1187 3864 pena
1196 3795 1245 3848 ris
1254 3794 1384 3866 ponenda

296 3885 325 3938 in
350 3883 481 3938 manibus
502 3889 715 3953 procuratorum
737 3889 805 3937 ante
823 3883 884 3937 eius
908 3881 1118 3942 admissionem¹
1147 3883 1266 3953 (peregit
1287 3883 1382 3936 omnia

295 3975 396 4046 mc)

226 4061 395 4116 Conceditur
414 4064 445 4117 17
463 4060 480 4114 J
483 4059 542 4114 unii
558 4064 592 4115 rt
608 4059 798 4131 oppositiones
818 4058 853 4113 ad
870 4076 941 4129 ques
957 4062 1071 4112 tenetur
1088 4057 1222 4127 magister
1238 4057 1381 4112 Gslfridus

294 4149 423 4203 Johnson
432 4147 541 4201 ratione
548 4147 652 4216 gradus
664 4146 708 4200 sui
721 4145 831 4216 possint
838 4145 943 4198 mutari
953 4145 982 4198 in
992 4161 1039 4198 sex
1047 4161 1190 4198 sermones
1199 4143 1235 4199 ad
1244 4145 1380 4215 populum

225 4237 395 4292 Conceditur
420 4241 447 4290 1⁰
470 4236 540 4290 Julii
565 4241 597 4290 vt
621 4235 755 4304 magister
776 4233 934 4288 Willelurus
955 4233 1101 4304 Herryson
1128 4249 1217 4304 nuper
1241 4232 1381 4288 admissus

196 4347 201 4364 ·
295 4326 496 4381 bachalaureus
514 4326 544 4379 in
563 4325 701 4394 theologia
719 4325 757 4378 sit
775 4322 821 4378 hic
839 4323 874 4377 de
891 4323 996 4393 gremio
1014 4323 1089 4377 siout
1107 4323 1162 4377 suit
1181 4323 1209 4376 in
1229 4322 1380 4378 Oxouieusi

294 4414 438 4469 academia
