3344 5110
354 359 396 423 36
791 369 905 419 cesos
928 370 1020 418 eoos
1044 370 1065 417 Δ
1345 353 1510 438 [1545-46

425 529 514 585 altero
533 529 569 584 ed
587 545 698 583 enicem
719 527 798 583 Psuii
819 532 930 583 etcum
949 544 1006 582 vnn
1023 526 1202 599 responsione
1219 524 1346 596 proximo
1366 541 1441 578 enno
1458 521 1512 578 sub

426 634 499 688 pens
517 616 656 671 cautionis
676 615 714 670 xl·
733 613 895 687 deponendo
918 616 948 670 in
969 613 1101 670 menibus
1124 617 1335 685 procuratorum
1358 616 1510 683 antequem

428 704 598 759 admittatur
606 702 727 758 sufficiet
738 703 764 758 ei
775 703 812 757 ed
823 703 988 758 intrandum
1000 703 1030 757 in
1042 700 1128 757 libros
1138 701 1343 757 sententiarum
1384 699 1425 754 sic
1436 697 1511 770 quod

430 791 600 846 admittatur
616 790 688 845 citro
705 789 850 845 commicie
870 790 998 861 proxime
1015 794 1076 846 tem
1094 789 1130 844 ed
1148 787 1345 860 opponendum
1362 804 1449 858 quem
1470 786 1511 840 in·

428 877 561 934 trandum

240 1293 345 1352 tlte
513 1276 779 1363 Dispensationes
802 1275 1105 1342 becobeieureorum
1128 1276 1160 1340 in
1185 1275 1350 1360 theologia

358 1447 392 1502 Io
420 1446 521 1519 primis
543 1443 723 1518 dispensetur
746 1463 811 1500 cum
839 1446 1018 1518 responsione
1041 1445 1197 1518 theologice
1220 1445 1257 1500 ed
1284 1463 1370 1516 quem
1398 1448 1512 1500 tenetur

427 1535 561 1604 magister
570 1533 688 1588 Welhed
700 1533 809 1588 ratione
821 1535 924 1604 gradus
936 1533 1183 1590 becchsleuieetus
1192 1535 1220 1588 in
1234 1533 1373 1605 theologia
1384 1533 1424 1588 sio
1436 1530 1511 1604 quod

427 1623 520 1677 soluat
537 1621 715 1676 vniuersitoti
734 1622 820 1692 xxvjs
838 1621 914 1692 viijd

357 1712 432 1767 Item
452 1709 632 1782 dispensetur
652 1727 716 1765 cum
738 1711 873 1781 magistro
893 1711 1004 1782 Rcyner
1024 1729 1075 1782 pro
1096 1711 1275 1782 responsione
1295 1728 1347 1766 eus
1367 1710 1403 1765 ad
1424 1726 1509 1781 quem

428 1803 541 1854 tenetur
552 1799 663 1854 racione
680 1800 782 1869 gradus
798 1797 1044 1854 becchcleureetus
1056 1800 1085 1854 in
1098 1799 1237 1871 theologia
1272 1801 1318 1855 Sic
1330 1799 1405 1870 quod
1419 1798 1511 1854 soluat

427 1889 605 1946 vniuersitati
618 1889 680 1961 xxvj
690 1907 705 1944 s
716 1890 791 1961 viijd
808 1891 941 1961 quonism
959 1895 1017 1945 tem
1032 1889 1195 1961 vrgentibus
1210 1890 1317 1946 domini
1333 1889 1377 1945 sui
1389 1887 1511 1960 negociis

427 1978 571 2034 detinetur
587 1982 619 2033 vt
637 1977 781 2033 commode
798 1977 896 2034 edesse
913 1996 970 2033 non
987 1975 1082 2051 potest
1099 1985 1132 2035 vt
1149 1979 1228 2035 illem
1249 1983 1316 2034 onte
1336 1985 1448 2049 tempus
1468 1976 1509 2031 illi

427 2069 612 2142 prescriptum
630 2067 756 2139 perficiet

358 2159 431 2215 item
452 2155 614 2212 conceditur
632 2157 767 2228 magistro
789 2158 951 2228 Perkyneon
973 2162 1005 2212 vt
1026 2159 1169 2230 responsio
1189 2157 1344 2228 theologice
1364 2157 1400 2212 ed
1423 2173 1509 2227 quem

427 2250 541 2300 tenetur
559 2244 611 2299 hoc
630 2261 704 2298 auno
725 2245 872 2300 diti'eretur
889 2246 918 2301 in
940 2246 1098 2317 proximum
1119 2263 1226 2301 ennum
1249 2245 1383 2316 quonism
1404 2242 1510 2299 doctori

426 2333 470 2387 cui
487 2348 672 2404 responsurus
687 2337 748 2387 eret
763 2331 909 2403 disputare
926 2350 981 2387 non
995 2333 1137 2388 vooeuerit
1152 2337 1182 2388 et
1197 2333 1285 2386 alium
1301 2337 1368 2386 ente
1384 2332 1511 2403 proxima

426 2419 573 2475 commicie
597 2437 757 2491 comperero
781 2439 836 2475 non
861 2427 955 2492 potest
1009 2423 1054 2476 Ite
1078 2427 1174 2476 temen
1199 2426 1230 2476 vt
1253 2421 1420 2493 respondeat
1444 2422 1511 2474 ente

427 2508 530 2563 foetum
550 2507 653 2562 notulis
670 2508 776 2563 Christi
795 2509 849 2564 sub
867 2527 939 2580 pene
957 2509 1113 2564 emittendo
1130 2509 1269 2564 cautionis
1287 2526 1337 2563 sue

359 2597 433 2652 itero
445 2595 607 2651 conceditur
616 2603 648 2650 vt
657 2597 800 2669 responsio
809 2597 964 2668 theologice
972 2597 1009 2652 ed
1018 2615 1103 2668 quem
1114 2601 1227 2652 tenetur
1236 2598 1368 2668 magister
1377 2595 1509 2653 Oumber·

426 2684 518 2739 forthe
530 2685 640 2739 racione
651 2684 753 2756 medus
766 2684 1014 2740 bucobolcureetus
1025 2685 1055 2740 in
1070 2683 1210 2757 theologia
1226 2685 1349 2756 suscepti
1364 2684 1512 2740 differatur

352 2770 355 2778 '
428 2773 474 2827 Sic
497 2772 573 2842 quod
595 2773 755 2844 perficietis
774 2773 846 2828 citro
869 2773 1016 2828 commicis
1036 2774 1162 2845 proxime
1186 2772 1240 2828 sub
1260 2790 1333 2845 pena
1355 2771 1511 2828 emittendo

427 2859 566 2915 cautionis
583 2877 633 2916 sue

782 3149 903 3214 Doctor
926 3149 1088 3236 theologie

359 3317 433 3372 Item
450 3316 612 3373 conceditur
627 3323 660 3373 vt
677 3319 804 3374 studium
820 3320 907 3375 trium
924 3336 1061 3376 annorum
1079 3323 1109 3376 in
1126 3321 1264 3393 theologia
1280 3331 1345 3394 poet
1364 3323 1510 3379 introitum

428 3404 458 3461 in
480 3405 566 3462 libros
588 3408 792 3463 sententiarum
813 3426 878 3464 cum
902 3407 1011 3464 duabus
1031 3410 1211 3467 concionibus
1234 3413 1323 3467 nitere
1346 3412 1382 3467 ed
1406 3412 1511 3468 clerum

429 3493 518 3548 sltem
532 3491 569 3549 ed
583 3510 693 3550 crucem
712 3495 792 3550 Pauli
803 3495 924 3550 sufficiet
940 3497 1073 3568 magistro
1090 3498 1214 3554 Medewc
1226 3501 1449 3556 vicecancellario
1460 3518 1511 3572 pro

429 3581 568 3654 complete
586 3584 677 3640 forme
697 3590 727 3639 et
742 3583 830 3655 gredu
848 3585 878 3639 in
897 3585 993 3642 eodem
1037 3587 1084 3642 Ite
1102 3592 1134 3643 vt
1151 3594 1280 3660 suscepto
1298 3590 1455 3645 iuramento
1473 3591 1512 3645 sit

429 3670 496 3722 ectu
515 3665 614 3722 doctor
632 3667 750 3723 statutis
769 3673 820 3724 eut
840 3669 1092 3727 consuetudinibus
1114 3670 1275 3728 echedemio
1298 3673 1512 3745 quibuscunque

428 3771 485 3810 non
503 3753 683 3812 obstantibus

752 4044 874 4109 Doctor
896 4047 930 4110 in
953 4048 1117 4112 medicine

361 4217 434 4272 Item
446 4217 607 4270 conceditur
620 4216 784 4271 Baithsssro
797 4217 922 4290 Guercye
933 4219 993 4274 viro
1005 4237 1107 4292 magne
1118 4220 1224 4276 medice
1235 4227 1265 4276 et
1276 4221 1430 4294 chirurgice
1441 4225 1512 4279 ortis

430 4304 589 4375 cognicioue
604 4321 638 4358 cc
654 4306 777 4376 practico
788 4305 940 4361 admodum
955 4307 1074 4363 illustris
1084 4313 1171 4380 etque
1187 4308 1216 4363 in
1233 4309 1378 4364 medicinis
1396 4310 1511 4366 bocche-

430 4391 541 4448 leursus
570 4397 600 4447 et
623 4397 690 4448 ente
713 4391 833 4449 sedecim
856 4411 946 4450 annos
969 4411 1019 4467 per
1041 4395 1187 4468 publicum
1210 4395 1295 4456 huius
1319 4398 1513 4455 uniuersitatis
