3344 5110
158 349 317 436 1545-46]
590 369 703 419 enses
726 369 818 419 scos
842 370 865 418 s
1265 353 1305 419 3⁷

222 521 343 593 sigillum
365 522 395 578 in
419 523 524 579 eisdem
548 525 721 596 approbatus
740 531 773 580 vt
792 530 836 580 tot
857 541 994 580 annorum
1015 524 1141 581 studium
1162 529 1192 581 et
1212 527 1307 598 praxis

222 609 342 665 sufficiat
358 611 383 665 ei
400 611 435 667 ad
454 613 644 683 incipiendum
662 615 690 669 in
707 614 846 669 medicina
891 614 937 668 Sic
953 613 1028 686 quod
1045 614 1106 670 eius
1121 613 1243 670 eruditio
1257 633 1307 687 per

222 697 292 754 duos
308 698 435 754 doctores
451 700 588 757 medicine
604 701 738 773 probetur
752 707 782 757 et
795 705 826 756 vt
838 702 899 756 eius
911 702 1045 758 admissio
1056 707 1114 757 stet
1128 703 1152 758 ai
1170 719 1220 774 pro
1232 719 1306 757 com·

221 783 306 856 pletis
317 786 404 856 modu
416 795 446 842 et
458 788 545 843 forma
559 793 589 843 et
600 788 693 843 soluat
704 789 883 845 uniuersitati
895 790 934 844 xl·

154 873 225 927 Item
242 874 404 929 conoeditur
417 874 507 931 eidem
520 877 653 946 quoniam
669 882 784 948 propter
795 877 924 948 urgentia
936 894 991 949 que
1003 876 1088 932 habet
1103 879 1215 948 negocia
1231 895 1305 932 com-

222 963 302 1017 mode
317 980 372 1018 non
390 970 484 1036 potest
499 964 595 1020 adesse
612 965 641 1020 in
657 967 811 1021 commiciis
823 971 855 1022 vt
872 967 961 1037 possit
975 965 1089 1021 admitti
1104 970 1184 1021 extra
1195 967 1304 1022 uniuer-

221 1050 334 1105 sitatem
354 1055 385 1105 et
402 1057 482 1107 extra
500 1053 652 1108 terminum
673 1071 722 1124 per
743 1052 889 1109 dominum
908 1054 1163 1110 vicecancellarium
1182 1055 1224 1110 vel
1245 1055 1305 1111 eius

221 1138 257 1193 ad
272 1140 324 1194 hcc
338 1140 505 1211 deputatum
544 1139 591 1196 lta
601 1142 678 1212 quod
693 1143 754 1197 eius
770 1143 891 1198 eruditio
902 1143 1079 1198 examinetur
1089 1148 1119 1199 et
1134 1143 1306 1215 approbetur

221 1227 299 1282 iuxta
330 1229 449 1298 gratiam
477 1230 531 1284 sihi
555 1231 634 1301 prius
659 1247 818 1286 concessam
845 1236 875 1286 et
901 1231 976 1304 quod
1005 1232 1098 1286 soluat
1126 1233 1304 1290 uniuersitati

220 1319 341 1385 quatuor
358 1315 443 1370 libras

613 1672 728 1736 Gracia
753 1673 838 1737 varie

149 1858 184 1913 ln
198 1859 296 1930 primis
308 1858 471 1914 conceditur
482 1857 589 1914 doctori
603 1859 720 1914 Warner
732 1869 763 1915 vt
775 1861 865 1932 possit
880 1860 977 1917 abesae
988 1861 1025 1917 ab
1036 1861 1168 1917 omuibus
1180 1861 1305 1932 exequiis

219 1947 353 2002 missiset
369 1947 628 2018 congregationibus
640 1965 673 2002 ex
689 1953 801 2003 statuto
811 1954 842 2003 et
858 1948 989 2004 omuibus
1004 1947 1180 2020 generalibus
1197 1966 1303 2021 proces·

218 2034 345 2090 sionibus
357 2034 401 2090 his
413 2053 468 2106 que
479 2053 513 2090 ex
525 2040 635 2091 statuto
647 2041 714 2090 sunt
726 2036 924 2092 tantummodo
935 2037 1058 2108 exceptis

149 2125 222 2179 Item
244 2123 407 2179 conceditur
424 2132 455 2178 vt
478 2124 604 2194 magistri
627 2125 734 2180 Barker
754 2124 789 2181 de
809 2126 875 2181 aula
895 2126 1016 2198 llonvyll
1036 2131 1066 2180 et
1087 2125 1224 2181 Grenuall
1245 2127 1304 2181 sint

217 2211 390 2285 oppositores
408 2213 657 2286 questionistarum
675 2213 728 2268 hoc
746 2231 821 2270 anno

148 2303 221 2358 Item
240 2301 402 2357 conceditur
419 2307 451 2356 rt
468 2301 565 2357 doctor
582 2302 696 2359 Wallrer
714 2304 806 2358 minor
827 2305 917 2375 possIt
935 2304 1065 2375 supplere
1087 2304 1161 2358 vices
1181 2303 1304 2359 doctoris

218 2391 320 2462 Blythe
344 2390 469 2446 absentis
493 2393 522 2446 in
547 2393 756 2448 examinacione
779 2398 808 2448 et
831 2392 1035 2465 approbacione
1059 2391 1164 2448 Oliueri
1192 2391 1303 2447 Mar-teu

217 2481 296 2536 iuxta
313 2481 433 2551 gratim
451 2481 505 2537 sibi
524 2483 602 2554 prius
619 2500 778 2538 concessam
797 2482 832 2537 ad
850 2481 1062 2554 practicandum
1081 2481 1110 2537 iu
1129 2480 1269 2552 chirurgia

145 2631 220 2686 Item
239 2629 402 2685 coucadItur
421 2635 452 2684 vt
470 2630 596 2685 doctores
617 2631 768 2702 Atkynsou
790 2631 909 2703 Smythe
928 2635 958 2685 st
977 2630 1111 2700 magister
1130 2627 1300 2700 Swynborne
1312 2619 1333 2680 l.
1353 2619 1418 2678 ldb

217 2717 327 2790 possint
338 2735 400 2772 esse
408 2717 519 2789 judiees
531 2719 560 2772 in
578 2735 663 2772 causa
674 2718 872 2790 appellaoionis
884 2719 959 2774 inter
969 2717 1110 2774 doctorem
1126 2715 1301 2788 Standysshe

215 2811 245 2860 et
257 2806 398 2860 Adamum
412 2805 594 2877 Rychanlson

143 2894 219 2948 Item
237 2894 400 2950 concedItur
415 2901 448 2949 rt
465 2899 579 2965 propter
595 2893 790 2948 creberrimam
808 2892 913 2948 febrem
930 2912 985 2965 que
1003 2911 1078 2949 nunc
1093 2897 1236 2964 grassatur
1252 2911 1302 2965 per

215 2980 348 3052 oppidum
367 2982 506 3036 termInus
523 2981 638 3036 dissolui
657 2981 747 3051 possit
765 2997 852 3051 vsque
870 2979 907 3035 ad
924 2981 1079 3035 crastinum
1097 2979 1214 3034 Martini
1261 2979 1301 3034 sio

215 3074 311 3124 umen
323 3075 355 3124 vt
366 3069 575 3140 disputaciones
586 3069 701 3123 interim
714 3068 804 3124 fienda
815 3077 952 3139 tanquam
968 3069 1042 3123 facte
1057 3075 1226 3123 censeantur
1240 3072 1300 3122 tam

216 3174 273 3228 quo
284 3157 320 3212 ad
337 3158 486 3228 magistros
497 3157 691 3228 disputaturos
703 3174 789 3228 quam
802 3175 859 3228 quo
870 3157 907 3212 ad
923 3157 1046 3213 bedellos
1057 3164 1087 3212 et
1099 3157 1173 3229 quod
1186 3157 1300 3212 interim

215 3244 440 3315 congregationes
455 3242 639 3299 admissiones
651 3243 859 3315 disputaciouas
870 3245 901 3299 in
916 3244 1055 3315 theologia
1066 3251 1096 3300 et
1110 3261 1253 3300 sermones
1264 3244 1301 3298 ad

214 3332 318 3387 clerum
330 3333 446 3404 perinde
458 3333 528 3386 liant
540 3333 563 3386 si
577 3349 648 3404 opus
660 3332 789 3387 turritae
801 3333 825 3386 si
838 3333 976 3388 terminus
989 3349 1045 3388 non
1057 3332 1228 3388 dissoluatur

141 3420 219 3474 Item
236 3420 399 3475 conoeditur
416 3425 448 3476 vt
469 3421 603 3491 magister
621 3420 713 3491 Ropsr
731 3421 821 3490 possit
841 3419 944 3475 habere
965 3421 1060 3476 literas
1084 3422 1129 3476 sui
1154 3437 1299 3476 conuersa·

212 3508 299 3562 tionis
316 3513 345 3562 et
362 3507 465 3579 gradus
482 3507 619 3579 sigillatas
637 3507 728 3579 sigillo
745 3513 838 3563 vestro
856 3510 998 3564 communi

141 3597 219 3651 Item
237 3595 400 3651 conceditur
418 3603 449 3651 vt
467 3597 594 3666 magistri
613 3603 741 3668 regentes
758 3595 903 3667 disputare
921 3597 1031 3667 possint
1049 3595 1149 3650 diebus
1167 3612 1223 3649 non
1243 3595 1297 3650 dis-

213 3681 387 3754 putabilibus
403 3682 441 3739 ab
459 3684 524 3739 hinc
541 3702 630 3756 usque
648 3685 684 3740 ad
702 3685 849 3740 commicia
866 3702 922 3739 uon
941 3684 1073 3739 obstante
1091 3687 1201 3738 statuto

139 3771 218 3826 Item
229 3770 392 3827 conceditur
403 3777 435 3828 vt
449 3773 580 3828 dominus
592 3773 833 3829 vicecancellarius
844 3772 972 3829 doctores
989 3772 1090 3844 Tayler
1101 3777 1131 3826 et
1147 3771 1296 3842 Atlxynson

213 3856 334 3912 habeant
353 3863 474 3914 vestram
492 3859 696 3914 authoritatem
716 3859 876 3914 destinandi
899 3865 928 3914 et
948 3857 1122 3929 concipiendi
1144 3856 1241 3911 literas
1260 3857 1297 3912 ad

211 3946 357 4002 dominnm
370 3946 573 4001 Cancellarium
590 3947 691 4018 Anglie
703 3946 739 4001 ad
754 3963 898 4002 summum
911 3945 1082 4002 Achademie
1094 3944 1298 4000 cancellarium

212 4038 242 4088 et
259 4035 426 4105 magistrum
444 4035 563 4090 Pachett
579 4053 630 4107 pro
647 4033 807 4090 defensione
825 4034 1033 4105 priuilegiorum
1052 4037 1212 4087 nostrorum
1257 4033 1298 4086 sic

211 4127 243 4176 vt
260 4139 354 4178 coram
373 4122 452 4178 vobis
470 4123 542 4178 lecte
559 4123 717 4194 algillentur
734 4123 825 4194 sigillo
843 4129 936 4177 restro
954 4122 1094 4176 communi

136 4211 216 4266 Item
233 4212 397 4267 conceditur
413 4215 444 4266 vt
460 4213 591 4268 dominus
603 4212 846 4268 vicecancellarius
862 4216 891 4266 et
906 4212 1039 4281 magister
1052 4210 1159 4264 Askam
1175 4208 1298 4263 habeant

210 4307 333 4356 vestram
344 4300 546 4357 authoritatem
559 4301 733 4373 concipiendi
745 4303 775 4354 et
787 4299 979 4354 conscribendi
994 4299 1090 4355 literas
1103 4298 1221 4352 summis
1232 4314 1296 4352 con·

209 4387 322 4443 silleriis
336 4387 419 4459 Regis
430 4397 460 4443 et
472 4387 623 4444 baronibus
634 4387 669 4442 de
682 4387 834 4442 Skackario
