3376 5108
343 318 406 384 170
774 336 889 385 onnon
911 335 1003 385 noos
1027 339 1050 384 s
1328 319 1495 408 [ltus-63

341 489 512 548 Conceditur
535 490 632 548 eodem
650 495 683 547 vt
701 492 871 548 reuerendus
889 492 919 548 in
937 491 1151 564 Christopater
1167 495 1198 548 et
1214 493 1347 550 dominus
1363 493 1495 549 dominus

411 579 556 638 Cilbertus
568 581 687 653 Bsrkley
697 581 844 653 episcopus
853 581 1041 637 Bethonensis
1049 587 1079 638 et
1088 582 1235 638 wellensis
1246 584 1292 639 cui
1304 579 1495 654 superioribus

411 668 512 734 diebus
522 687 653 725 concessa
666 674 711 725 est
724 671 816 741 gratia
831 670 867 726 ad
884 670 1076 741 incipiendum
1092 671 1123 726 in
1139 689 1219 727 sacra
1235 671 1375 743 theologia
1390 667 1494 726 habeat

412 757 509 814 literas
520 757 623 829 grsdus
634 757 678 813 sui
691 757 870 828 consignatas
883 757 974 829 sigillo
986 763 1080 814 vestro
1092 760 1234 814 communi

223 836 244 896 i.
261 837 299 897 72
310 837 328 894 b
341 843 511 902 comeditur
522 846 555 918 ij⁰
566 847 636 902 Julii
653 846 788 918 magistro
804 846 941 918 inceptori
957 846 1036 901 Allet
1049 847 1127 917 gravi
1141 845 1240 902 morbo
1255 851 1285 902 et
1301 845 1494 902 imbecillitate

411 930 557 1007 prepsdlto
576 953 633 1008 quo
656 936 751 991 minus
774 936 865 1006 possit
883 935 981 990 adesse
999 935 1029 990 in
1050 935 1172 990 comitiis
1193 935 1329 1006 proximis
1347 938 1380 990 vt
1398 939 1495 989 teneat

386 1029 389 1036 '
412 1022 596 1080 nibilominus
616 1041 681 1079 eum
703 1023 876 1079 senioritatis
897 1023 990 1078 locum
1010 1022 1047 1079 sd
1064 1040 1150 1094 quem
1167 1022 1361 1094 designabitur
1377 1040 1395 1077 s
1412 1026 1493 1094 patre

413 1110 590 1165 comitiorum
602 1109 648 1164 die
659 1113 690 1164 et
707 1109 747 1164 sit
762 1108 912 1165 actualiter
923 1116 992 1165 tunc
1008 1109 1112 1164 artium
1130 1109 1270 1180 professor
1286 1109 1327 1164 sic
1346 1113 1441 1163 tamen
1458 1113 1491 1164 vt

411 1199 575 1254 convivetur
598 1200 628 1253 in
651 1199 786 1270 proximis
810 1199 933 1254 comitiis
953 1202 983 1253 et
1003 1196 1058 1252 sub
1075 1198 1197 1252 reditum
1216 1214 1300 1252 suum
1317 1201 1492 1252 sacramento

413 1285 497 1342 fidem
515 1288 601 1342 facist
618 1303 712 1342 coram
730 1286 955 1342 vicecancellario
972 1292 1003 1342 et
1017 1285 1244 1359 procuratoribus
1260 1285 1296 1342 ds
1311 1286 1431 1342 veritate
1445 1283 1493 1339 ab·

412 1376 503 1430 sentis
520 1393 571 1431 sue

343 1461 513 1517 Conceditur
526 1461 623 1517 eodem
637 1465 671 1517 vt
682 1461 816 1533 magister
827 1462 918 1533 Legge
929 1462 1019 1534 possit
1031 1462 1161 1533 supplere
1173 1463 1247 1518 vices
1257 1460 1387 1532 magistri
1400 1459 1490 1514 Oxen-

412 1549 494 1622 bridg
516 1551 705 1622 procuratoris
728 1550 854 1606 absentis
897 1551 976 1606 Idem
998 1551 1112 1622 juratus
1134 1555 1179 1608 cst
1201 1551 1299 1606 eodem
1324 1548 1360 1605 ad
1382 1547 1491 1604 fidelem

413 1640 605 1695 executionem

343 1727 514 1784 Conceditur
533 1731 565 1786 17
584 1728 654 1784 Julii
673 1727 846 1800 dispensatio
868 1729 1001 1800 magistro
1018 1728 1168 1784 Simondss
1185 1727 1296 1783 absenti
1314 1725 1351 1781 ab
1368 1725 1495 1780 histema

414 1815 625 1887 congregatione
645 1833 679 1870 ex
699 1821 810 1872 statuto
827 1817 878 1874 vin
897 1833 948 1890 pro
965 1815 1080 1872 domins
1102 1817 1208 1887 Regina
1229 1815 1361 1871 Elionora
1381 1819 1495 1885 propter

413 1921 526 1974 gruem
539 1903 669 1958 morbum
681 1921 738 1974 quo
749 1903 883 1983 decubuit

343 1990 514 2046 Conceditur
534 1990 572 2062 vij
592 1991 662 2046 Julii
682 1997 715 2048 vt
732 1991 906 2048 clarissimus
929 1990 973 2044 vir
996 1995 1024 2045 et
1049 1989 1180 2045 dominus
1203 1988 1335 2044 dominus
1355 1986 1495 2044 Robertus

414 2075 525 2148 Dudley
544 2077 634 2148 possit
649 2093 765 2134 munere
784 2077 889 2132 summi
910 2075 1054 2131 senescslli
1073 2092 1123 2146 per
1141 2079 1261 2131 mortem
1283 2075 1390 2130 domini
1409 2074 1494 2145 Paget

413 2165 470 2220 iam
487 2169 604 2220 vacante
616 2165 672 2219 frui
688 2169 718 2219 et
733 2163 836 2220 habere
848 2166 1010 2236 pensionem
1024 2173 1186 2220 consuetam
1198 2173 1229 2220 et
1240 2181 1325 2236 super
1336 2164 1388 2218 bec
1400 2170 1494 2218 vestre

413 2253 590 2308 conoessione
602 2251 706 2307 babeat
717 2253 814 2309 literss
825 2257 934 2307 vestras
946 2251 1088 2307 communi
1101 2251 1192 2322 sigillo
1204 2251 1365 2323 obsignatas

341 2341 513 2398 Conceditur
529 2341 625 2396 eodem
646 2345 677 2397 vt
694 2341 826 2397 dominus
842 2341 1077 2413 procsncellsrius
1093 2357 1158 2394 cum
1180 2340 1314 2411 magistro
1334 2339 1495 2410 Oxenbridg

412 2429 520 2485 deferat
540 2429 637 2485 literas
661 2435 769 2486 vestras
792 2431 829 2486 ad
849 2430 996 2486 dominum
1018 2429 1173 2485 Robertum
1195 2428 1321 2500 Dudleye
1341 2433 1371 2484 et
1391 2427 1495 2482 habest

412 2533 548 2587 expensus
559 2533 625 2571 sues
636 2515 771 2572 allooatss
782 2516 970 2588 perductores
984 2516 1072 2571 Perus
1084 2517 1173 2588 Porye
1185 2519 1214 2570 et
1226 2515 1341 2588 Hsrvye

342 2606 427 2662 Mena
436 2606 511 2678 quod
518 2609 630 2662 mortuo
637 2605 771 2677 vesperiis
780 2606 958 2661 comitiorum
966 2603 1200 2660 scilicetvt‘Julii
1210 2604 1345 2675 magistro
1353 2603 1494 2658 Willelmo

413 2693 564 2748 Brumsted
582 2691 690 2748 bedello
705 2693 741 2748 sd
758 2693 828 2748 illud
844 2693 967 2748 officium
979 2692 1086 2747 electus
1103 2697 1147 2746 est
1165 2691 1193 2746 ix
1210 2690 1280 2746 Julii
1300 2689 1495 2762 magisterio.

414 2780 540 2836 Redmsn
552 2784 581 2834 et
593 2797 643 2851 per
654 2779 796 2834 doctorem
811 2780 898 2850 Porye
910 2779 1077 2850 deputatum
1091 2779 1218 2850 magistri
1235 2778 1357 2834 doctoris
1375 2777 1494 2832 Newton

412 2867 622 2939 prucsncellerii
646 2866 755 2938 juratus
778 2872 808 2923 et
831 2867 973 2922 admissus
996 2865 1050 2922 sub
1073 2884 1106 2922 eo
1129 2867 1179 2938 qui
1199 2867 1327 2938 sequitur
1346 2865 1493 2922 verborum

412 2959 525 3010 tenore¹
544 2954 728 3010 Authoritate
749 2972 805 3025 qua
824 2955 968 3026 fungimur
987 2972 1038 3009 nos
1056 2953 1236 3009 admittimus
1256 2959 1285 3009 te
1304 2955 1333 3008 in
1355 2953 1494 3008 bedellum

411 3042 580 3112 armigerum
601 3041 755 3096 secundum
775 3042 978 3097 iniunctionem
1000 3059 1050 3112 per
1068 3041 1203 3111 Reginam
1226 3039 1370 3095 Elisabeth
1389 3040 1494 3094 iactam

414 3129 449 3184 In
461 3130 575 3184 nomine
586 3130 675 3201 patris
686 3135 716 3184 et
728 3129 779 3184 filii
790 3133 820 3184 et
830 3129 948 3201 spiritus
960 3128 1051 3184 sancti
1087 3128 1179 3184 Amen

229 3514 331 3575 ttae
724 3503 846 3568 Ductor
867 3503 901 3567 in
923 3503 994 3568 iure
1016 3502 1105 3567 civili

343 3675 514 3731 Conceditur
530 3679 545 3733 7
561 3675 632 3731 Julii
650 3675 785 3745 magistro
802 3674 888 3729 Itbell
904 3679 936 3730 vt
953 3673 1079 3729 studium
1092 3675 1119 3746 cj
1133 3691 1271 3730 annorum
1288 3675 1317 3730 in
1335 3674 1398 3746 jure
1417 3673 1494 3728 civili

413 3770 563 3837 postquam
584 3765 688 3819 rexerit
709 3765 739 3819 in
760 3763 870 3819 artibus
891 3781 955 3818 cum
977 3762 1202 3835 oppositionibus
1219 3763 1447 3835 responsionibus
1464 3775 1494 3817 et

413 3849 477 3903 aliis
494 3848 634 3903 exercitiis
649 3864 700 3919 per
719 3847 795 3918 regia
813 3851 924 3902 statute
940 3847 1085 3917 requisitis
1103 3846 1278 3917 perficiendis
1296 3851 1362 3902 ante
1380 3847 1494 3901 comitia

413 3937 540 4007 proxima
552 3935 605 3991 sub
614 3953 687 4006 pena
696 3933 729 3989 1¹¹
741 3932 933 4006 ponendorum
945 3935 974 3987 in
988 3933 1120 3989 manibus
1132 3939 1344 4005 procuratorum
1356 3939 1422 3988 ante
1433 3932 1495 3987 eius

414 4020 613 4075 admissionem
637 4018 758 4073 sufficiat
775 4017 801 4072 ei
819 4017 855 4072 ad
874 4017 1064 4090 incipiendum
1083 4019 1112 4072 in
1131 4017 1229 4074 eodem
1247 4019 1308 4072 iuna
1326 4017 1366 4071 sio
1384 4022 1416 4071 vt
1434 4017 1495 4071 eius

413 4105 547 4161 admissio
559 4109 616 4160 stet
628 4121 679 4176 pro
691 4103 839 4175 completis
851 4104 941 4158 forma
952 4108 982 4158 et
993 4103 1080 4174 gradu
1093 4107 1122 4159 in
1134 4105 1231 4160 eodem
1244 4108 1273 4160 et
1282 4103 1495 4159 admitteturad

413 4193 548 4264 placitum
561 4194 620 4247 sive
633 4195 662 4246 in
674 4193 796 4247 termino
807 4193 867 4247 sive
878 4197 958 4248 extre
974 4193 1127 4248 terminum
1144 4193 1184 4248 sic
1201 4199 1296 4248 tamen
1312 4198 1344 4247 vt
1358 4193 1388 4247 in
1403 4192 1494 4263 proxi·

413 4282 467 4335 mis
485 4281 608 4335 comitiis
624 4280 790 4351 respondeat
807 4280 934 4351 disputet
953 4286 983 4337 et
1001 4282 1166 4336 convivetur
1184 4297 1235 4352 pro
1256 4297 1334 4335 more
1354 4278 1496 4334 academie

412 4369 482 4424 elias
494 4369 545 4424 hec
557 4370 648 4439 gratia
660 4370 699 4423 sit
711 4370 791 4424 irrita
803 4374 833 4424 et
845 4369 923 4424 nulls
935 4371 1054 4441 (peregit
1066 4370 1162 4425 omnia
1173 4371 1274 4442 marg.)
