3398 5122
184 373 347 456 1588-89]
619 389 733 438 osacn
756 389 849 438 soon
872 388 895 436 Δ
1273 377 1336 440 435

179 545 291 602 Bellard
390 549 457 603 Ben.
487 599 489 604 ,
777 549 850 603 Petr.
952 547 1090 603 Wadeson

178 632 255 704 Grsy
390 637 448 690 Pet
776 635 819 690 Jo.
953 634 1077 705 Brigdsll
1163 591 1230 647 Μ’

179 720 260 776 Pratt
389 722 453 779 (lhr.
775 722 841 777 Bon.
952 721 1091 777 Ohslenor
1161 721 1218 776 Tri.

178 807 281 864 Jsoson
387 810 443 864 Tri.
776 853 794 907 J
953 810 1066 865 Hntton
1163 810 1228 864 Kat

178 897 297 969 Tuneby
446 940 452 952 .
603 899 608 909 “
795 872 819 908 ⁰¹
952 898 1068 953 Emmot
1164 899 1239 969 Regi.

179 987 294 1043 Lounde
446 1031 452 1044 .
774 986 814 1041 cl.
952 987 1143 1042 Weterhowsc
1162 986 1244 1042 (llere

177 1074 291 1130 Jsckler
449 1076 464 1129 '.
775 1076 869 1132 Pemb.
952 1076 1026 1130 Evot
1130 1099 1133 1104 ·

178 1163 279 1234 Awger
494 1205 500 1217 .
565 1160 724 1230 Howghton
774 1162 853 1216 Eme.
951 1162 1098 1218 Greennell

179 1249 370 1307 Homberston
388 1251 454 1306 Ben.
564 1247 652 1302 Wood
776 1250 851 1320 Regi.
950 1250 1117 1306 Newoomen
1162 1251 1229 1308 Bon.

180 1338 273 1409 Psyne
389 1381 469 1437 clm
564 1337 684 1392 Newton
775 1338 830 1392 Tri
952 1338 1045 1408 Payne

179 1425 271 1497 Kirby
563 1421 673 1479 Oobbes
776 1424 857 1480 (llere
951 1425 1093 1480 Oockman

178 1514 276 1570 Amiss
388 1514 454 1568 Ben.
563 1511 748 1651 Gelsthorpe}
776 1557 823 1611 Tri
952 1511 1087 1567 Hewortb
1159 1512 1216 1567 Cla

178 1603 273 1658 Crowe
389 1600 511 1674 [lTrin.]
564 1600 677 1672 Vpoher
825 1599 831 1612 '
952 1601 1066 1671 Hsrvye
1161 1602 1239 1656 Eme

178 1689 267 1746 Wood
386 1689 443 1743 Jes.
563 1688 681 1741 Preston
773 1687 840 1743 Kat.
950 1686 1050 1759 Otway
1161 1688 1225 1744 Chr.

178 1779 299 1834 Senders
387 1777 405 1832 J
407 1794 430 1831 o.
564 1775 694 1847 Msslyne
773 1776 830 1830 Tri.

522 2181 743 2248 Praeticentes
767 2183 802 2248 in
826 2182 989 2249 medicine

176 2377 347 2434 Conceditur
360 2381 393 2430 lb
407 2375 504 2430 Martii
521 2373 644 2429 Roberto
657 2373 776 2429 Watson
790 2379 821 2429 rt
833 2373 961 2430 studium
974 2378 992 2428 4
1003 2390 1141 2428 annorum
1153 2373 1184 2430 in
1196 2372 1335 2430 medicine

246 2472 311 2538 post
327 2465 446 2536 grsdum
463 2463 714 2520 becchslsureetus
726 2470 889 2534 susceptum
901 2462 1023 2519 sufficiet
1034 2463 1060 2518 ei
1072 2461 1108 2518 ad
1120 2461 1334 2534 praetiosndum

247 2557 277 2611 in
295 2555 392 2610 eedem
410 2554 545 2610 facultate
563 2553 604 2609 ita
621 2560 654 2608 vt
674 2553 736 2608 eius
756 2552 879 2608 eruditio
900 2555 929 2607 et
950 2553 1073 2620 counitio
1093 2551 1264 2624 approbetur
1284 2570 1335 2624 per

246 2643 396 2714 magistros
421 2641 549 2696 doctores
577 2641 704 2696 Barroim
733 2640 815 2695 Perse
839 2644 869 2695 et
897 2638 1082 2695 Mounddord
1109 2644 1140 2694 et
1164 2657 1214 2711 per
1237 2657 1334 2695 eorum

246 2731 366 2786 alterum
386 2734 565 2802 presentetur
586 2729 701 2785 domino
723 2728 940 2800 prcoanoellsrio
960 2729 989 2783 in
1009 2733 1110 2784 senetu
1131 2734 1162 2785 et
1180 2747 1265 2801 super
1283 2730 1335 2785 heo

246 2821 339 2873 vestra
350 2816 527 2871 concessione
538 2815 635 2871 literne
647 2812 751 2870 habeat
760 2818 868 2870 vestras
880 2813 1084 2869 testimoniales
1095 2813 1231 2884 sigillatas
1241 2819 1334 2870 vestro

246 2904 337 2976 sigillo
348 2905 491 2959 communi

175 2993 346 3050 Conceditur
361 2992 468 3066 [blank]
485 2993 619 3065 magistro
631 2993 779 3049 Anthouio
796 2993 916 3048 Hunton
928 2998 961 3047 vt
975 2991 1103 3047 studium
1120 2991 1185 3062 ffijoe
1195 3008 1334 3046 annorum

245 3083 275 3136 in
292 3080 431 3136 medicine
447 3087 597 3153 postquam
614 3082 717 3137 rexerit
732 3081 761 3136 in
776 3079 886 3136 artibus
899 3081 1020 3136 sufficiat
1032 3080 1057 3135 ei
1071 3079 1107 3135 ed
1120 3078 1333 3151 preotioendum

245 3171 275 3226 in
297 3170 394 3225 eedem
415 3170 551 3226 facultate
571 3171 612 3226 its
630 3176 663 3226 vt
682 3171 745 3226 eins
763 3169 885 3225 eruditio
904 3173 934 3224 et
953 3169 1075 3240 cognitio
1094 3167 1265 3240 approbetur
1284 3187 1334 3240 per

245 3257 418 3313 venerabiles
430 3258 505 3312 viros
521 3259 688 3330 magistrum
705 3258 850 3313 doctorem
862 3257 966 3313 Warde
981 3261 1012 3312 et
1028 3257 1195 3328 magistrum
1207 3256 1234 3312 d.
1249 3257 1332 3312 Perse

245 3352 275 3400 et
293 3362 342 3416 per
359 3362 456 3400 eorum
475 3345 597 3400 alterum
616 3348 796 3417 presentetur
812 3345 927 3400 domino
946 3342 1162 3416 procanoellario
1181 3343 1211 3397 in
1230 3350 1331 3398 senatu

245 3434 283 3487 Et
297 3449 382 3503 super
398 3431 450 3486 hac
465 3432 643 3487 concessione
658 3436 753 3488 vestra
768 3432 866 3488 literas
881 3431 986 3487 hebeat
1002 3437 1110 3487 vestrss
1127 3431 1331 3487 testimoniales

245 3520 383 3592 sigillatas
401 3523 495 3576 vestro
513 3520 605 3591 sigillo
620 3521 763 3576 communi

572 3935 694 4000 Dootor
716 3935 750 3999 in
775 3935 937 4000 medicine

172 4149 342 4204 Conceditur
355 4153 389 4204 10
401 4148 532 4204 Octobris
546 4151 615 4204 1588
628 4149 762 4220 magistro
775 4149 915 4206 Willelmo
931 4149 1055 4205 Farbeck
1068 4155 1099 4205 vt
1113 4148 1241 4204 studium
1253 4150 1269 4205 7
1282 4165 1331 4202 an·

243 4254 343 4292 norum
362 4237 392 4291 in
410 4235 551 4293 medicina
566 4243 718 4308 postqu
735 4239 839 4293 rexerit
854 4239 885 4293 in
901 4236 1012 4292 artibus
1027 4254 1093 4292 oum
1108 4235 1332 4308 oppositionibus

243 4325 472 4396 responsionibus
488 4325 644 4397 ceterisque
660 4325 802 4382 exercitiis
818 4343 869 4398 per
884 4330 995 4382 statute
1010 4326 1087 4397 regia
1101 4325 1244 4396 requisitis
1256 4324 1331 4378 suffi-

242 4413 300 4468 ciat
317 4415 343 4469 ei
361 4413 397 4469 ed
416 4412 607 4486 incipiendum
625 4415 656 4469 in
674 4414 773 4470 eedem
791 4415 932 4471 medicina

1149 4521 1249 4578 28-2
