3400 5126
190 341 354 430 1518-79]
619 361 733 412 aaron
756 362 849 411 noos
873 363 895 410 n

566 873 725 938 Doctores
745 871 780 937 in
803 869 966 957 theologia

188 1061 357 1118 Conceditur
372 1066 407 1117 23
425 1062 521 1118 Martii
538 1064 673 1134 mag'stro
691 1064 804 1135 Hugoni
821 1063 913 1120 Bellot
925 1067 957 1118 vt
973 1061 1100 1118 studium
1112 1063 1150 1133 xij
1165 1077 1302 1118 annorum
1315 1061 1345 1116 in

258 1152 398 1222 theologia
408 1157 558 1223 postquam
575 1153 679 1208 rexerit
691 1154 720 1208 in
733 1153 843 1208 ortibus
855 1170 920 1208 cum
933 1169 989 1207 vna
1002 1151 1182 1223 responsione
1193 1156 1224 1206 et
1236 1150 1346 1206 duobus

258 1236 434 1292 sermonibus
457 1237 493 1292 ad
517 1238 623 1294 clerum
646 1243 677 1294 et
700 1257 756 1294 vno
778 1239 814 1294 ed
844 1239 979 1310 populum
1008 1239 1037 1294 in
1064 1237 1180 1294 ecclesia
1204 1237 1346 1293 academie

258 1325 379 1380 sufficiat
396 1325 420 1379 ei
439 1324 476 1380 ad
493 1325 684 1397 incipiendum
702 1327 732 1381 in
750 1344 828 1382 sacra
846 1325 985 1397 theologia

188 1413 357 1469 Conceditur
375 1419 408 1469 10
424 1414 443 1469 J
444 1415 503 1470 unii
520 1416 654 1486 magistro
666 1415 746 1471 de.
761 1415 935 1471 Sherbroolre
947 1423 979 1469 vt
995 1413 1123 1470 studium
1136 1433 1153 1470 x
1164 1431 1302 1470 annorum
1315 1413 1345 1469 in

256 1502 395 1573 theologis
411 1507 477 1574 post
491 1503 608 1574 gradum
624 1503 868 1560 bacchalauriatue
885 1505 914 1559 in
927 1503 1025 1559 eadem
1037 1503 1173 1559 lacultete
1184 1519 1249 1558 cum
1261 1520 1345 1576 oppo-

258 1590 409 1646 sicionibus
429 1592 659 1663 responsionibus
677 1593 853 1649 sermonibus
873 1597 903 1649 et
921 1592 985 1649 aliis
1005 1592 1146 1648 exercitiis
1166 1609 1216 1664 per
1236 1596 1346 1648 statuta

258 1679 401 1750 requisitis
419 1680 541 1736 sufficiat
558 1681 584 1736 ei
602 1681 639 1737 ad
657 1681 847 1754 incipiendum
866 1683 896 1737 in
914 1699 993 1738 sacra
1010 1681 1149 1752 theologie

549 2117 637 2183 Ordo
659 2117 858 2183 scnioritatis
879 2139 982 2204 marg.

433 2312 475 2368 Μ’
486 2312 513 2367 d
527 2311 702 2368 Shorbrooke
877 2310 956 2368 Mra
970 2310 1065 2384 Byllot
1165 2255 1174 2274 ·

457 2753 578 2820 Gratim
601 2775 665 2818 non
688 2759 919 2818 concernentes
941 2752 1075 2818 formam

188 2943 358 3002 conceditur
383 2947 415 2999 17
441 2941 571 2997 Octobris
595 2940 730 3012 magistro
755 2939 874 2995 Bicerdo
898 2939 987 2994 Wood
1012 2940 1068 2995 Tri
1094 2947 1125 2996 vt
1152 2942 1190 2996 eit
1214 2959 1287 2997 vnus
1312 2960 1345 2996 ex

259 3032 405 3089 duodecim
418 3029 640 3103 predicatoribus
652 3030 703 3084 hoo
716 3028 838 3100 presenti
851 3046 926 3083 anno
938 3046 988 3100 per
999 3029 1171 3084 academiam
1183 3030 1347 3086 emittendis

259 3123 299 3176 sic
320 3125 352 3176 vt
371 3137 456 3192 super
476 3117 528 3173 hac
547 3123 641 3173 vestra
660 3115 837 3171 concessione
857 3115 954 3170 literas
975 3115 1079 3171 habeat
1099 3117 1236 3188 sigillatus
1256 3117 1347 3190 sigillo

260 3213 354 3265 vestro
377 3206 519 3264 communi
567 3209 602 3260 23
623 3204 751 3260 Januarii
775 3203 909 3274 magistro
933 3202 1056 3258 Roberto
1077 3203 1189 3259 Ohurch
1210 3206 1242 3261 G.
1265 3213 1295 3261 et
1315 3207 1346 3264 C.

261 3303 278 3354 6
299 3297 443 3354 Februarii
465 3295 598 3367 magistro
618 3293 737 3349 Ricardo
754 3293 840 3347 Jonas
863 3293 954 3363 Magd.
1003 3294 1020 3346 8
1044 3292 1100 3347 Mai
1122 3294 1256 3366 magistro
1278 3296 1346 3353 Tho.

262 3387 361 3444 Nevell
379 3383 473 3441 Pcmb

192 3478 363 3538 Conceditur
380 3479 414 3532 16
429 3472 592 3530 Decembris
609 3471 745 3543 magistro
762 3469 838 3541 Step.
853 3468 1004 3525 Ridlcsden
1016 3469 1150 3540 quoniam
1163 3471 1255 3542 Regiis
1267 3489 1349 3544 nego-

263 3566 314 3623 ciis
334 3563 488 3637 impeditus
506 3562 614 3617 vltimis
635 3561 759 3615 comitiis
779 3559 915 3613 interesse
936 3576 993 3613 non
1014 3563 1126 3630 poterat
1143 3564 1176 3614 vt
1193 3561 1277 3616 liceat
1294 3561 1349 3616 sibi

262 3655 380 3712 eandem
398 3652 591 3708 senioritatem
609 3665 750 3704 reservare
766 3665 852 3718 quam
871 3647 996 3718 patarei
1014 3650 1083 3702 tunc
1101 3647 1256 3718 assignavit
1273 3654 1302 3704 et
1318 3656 1350 3705 vt
1363 3685 1368 3694 -
1383 3684 1413 3696 η

262 3745 353 3818 possit
363 3742 450 3798 creari
463 3741 493 3795 in
505 3739 609 3796 scholis
621 3737 743 3810 publicis

191 3835 361 3893 Conceditur
377 3836 412 3887 16
428 3828 590 3885 Decembris
626 3826 720 3895 Quum
736 3824 871 3895 magister
882 3823 1006 3878 Thomas
1018 3823 1169 3881 Andrewes
1182 3827 1249 3881 olim
1261 3827 1349 3883 alum-

264 3940 319 3979 nus
343 3929 435 3976 vester
457 3923 488 3973 et
511 3917 581 3972 iuria
606 3913 698 3970 civilis
720 3911 933 3968 baccbslaurius
957 3929 1032 3966 nunc
1055 3911 1149 3983 legum
1169 3911 1350 3986 Anglicarum

263 4011 372 4086 peritus
389 4009 418 4063 in
437 4005 536 4062 multis
554 4008 584 4060 et
604 4001 737 4074 gravibus
758 3999 901 4056 academie
922 4000 1014 4055 carreis
1032 3999 1151 4056 fideliter
1168 4001 1352 4058 elaboraverit

263 4097 370 4155 eteius
388 4111 473 4166 opere
489 4091 526 4148 ad
544 4091 659 4162 negocia
677 4093 771 4143 vestra
790 4086 862 4142 bene
878 4095 907 4141 et
925 4087 1070 4142 commode
1090 4087 1158 4142 loris
1178 4087 1352 4161 procuranda

264 4187 346 4244 valde
362 4183 519 4240 necessaria
535 4180 715 4236 existimatur
732 4177 828 4232 Placet
844 4175 925 4231 vobis
941 4183 973 4230 vt
989 4175 1063 4231 idem
1080 4175 1204 4232 Thomas
1219 4179 1351 4250 syndicus

264 4281 358 4332 vester
376 4291 425 4330 seu
447 4287 595 4327 carisemm
616 4265 758 4324 modernis
778 4263 935 4320 solicitator
954 4265 1145 4320 constituatur
1166 4270 1196 4322 et
1216 4285 1267 4339 pro
1288 4285 1351 4322 con-

265 4364 329 4421 silio
346 4361 497 4433 laboreque
514 4376 566 4415 suo
584 4357 641 4412 iam
660 4357 787 4427 impenso
805 4358 836 4409 ct
853 4353 883 4408 in
901 4357 1046 4426 posterum
1064 4355 1094 4410 in
1113 4355 1234 4427 negociis
1251 4359 1353 4414 vestn'a

1171 4472 1270 4531 21-2
