3344 5110
213 357 377 443 1548-49]
647 377 760 424 onnon
782 377 874 424 neon
897 376 920 423 Δ
1324 363 1363 426 61

212 524 287 581 Item
299 529 460 585 conceditur
476 531 611 600 magistro
624 530 765 586 Bemonde
777 536 809 584 vt
826 529 952 586 studium
969 549 1017 586 sex
1035 549 1172 586 annorum
1187 531 1217 586 in
1230 531 1369 602 theologia

282 619 432 686 postquam
450 617 553 672 rexerit
571 618 600 672 in
616 616 726 672 artibus
742 634 797 672 vna
815 635 879 672 cnm
897 617 1076 689 responsione
1093 622 1123 673 et
1138 617 1249 673 duobus
1266 635 1367 673 senno·

283 701 367 756 nibus
383 719 438 757 vno
456 703 492 758 ed
508 701 613 758 clerum
630 704 719 758 altero
735 703 771 758 ad
788 721 900 758 crucem
917 704 997 760 Pauli
1016 704 1070 760 sub
1087 723 1160 777 pena
1174 705 1315 761 caucionis
1331 705 1369 760 xl·

283 789 410 860 ponende
431 791 460 846 in
482 790 613 846 manibus
633 795 847 863 procuratorum
869 793 991 848 sufficiat
1015 794 1040 849 ei
1064 793 1101 850 ed
1122 793 1318 865 opponendum
1338 797 1369 848 et

283 878 446 934 intrandum
468 880 497 934 in
519 879 658 952 theologia
693 881 732 934 Et
753 886 784 936 vt
805 881 895 952 possit
915 882 1029 937 edmitti
1050 883 1086 938 ad
1107 883 1242 953 placitum
1260 883 1321 937 siue
1339 881 1368 936 in

283 967 405 1022 termino
425 967 486 1023 sine
506 973 585 1024 extra
605 969 759 1024 terminum
784 974 851 1024 ante
872 970 978 1024 festum
1003 969 1147 1024 Michaelis
1184 970 1230 1024 Its
1249 974 1282 1026 vt
1304 987 1368 1024 oon-

284 1055 397 1111 vinetur

214 1142 288 1199 Item
309 1143 471 1200 conceditur
495 1145 628 1216 magistro
650 1146 750 1202 Donell
773 1151 806 1199 vt
829 1145 956 1200 studium
978 1151 994 1200 5
1014 1163 1152 1201 annorum
1176 1147 1206 1201 in
1231 1146 1370 1218 theologia

284 1236 434 1304 postquam
449 1233 552 1288 rexerit
568 1233 598 1288 in
614 1233 724 1289 artibus
740 1251 805 1288 cum
821 1231 931 1288 duobus
949 1233 1125 1290 sermonibus
1141 1252 1197 1289 vno
1212 1235 1248 1290 ad
1263 1234 1369 1290 clerum

283 1319 372 1374 altero
390 1320 425 1375 sd
443 1338 554 1375 crucem
577 1320 656 1374 Pauli
675 1325 704 1374 et
722 1337 786 1374 curn
804 1336 860 1373 rna
877 1320 1055 1391 responsione
1075 1338 1150 1375 anno
1170 1321 1297 1392 proximo
1316 1320 1370 1375 sub

284 1425 357 1478 pena
368 1407 508 1462 concionis
520 1407 603 1462 realis
615 1406 653 1462 xl¹
664 1407 790 1478 ponende
803 1408 832 1461 in
845 1407 976 1462 manibus
987 1414 1198 1479 procuratorum
1217 1414 1369 1480 antequem

284 1495 453 1550 admittatur
464 1496 586 1550 sufficiat
598 1497 623 1550 ei
639 1501 698 1550 tam
711 1496 747 1551 ad
759 1497 957 1568 opponendum
970 1514 1057 1568 quam
1069 1497 1233 1552 intrandum
1249 1499 1279 1552 in
1292 1498 1369 1552 theo·

285 1582 357 1656 logia

214 1672 290 1727 Item
302 1671 464 1727 conceditur
476 1672 609 1742 magistro
622 1671 755 1726 Grendall
772 1673 873 1728 seniori
890 1673 1063 1744 procuratori
1078 1679 1110 1728 vt
1121 1671 1247 1728 studium
1262 1677 1370 1744 septem

285 1777 422 1814 annorum
441 1760 470 1814 in
488 1759 628 1830 theologia
644 1764 794 1831 postquam
812 1761 914 1816 rexerit
931 1761 960 1815 in
977 1759 1087 1816 artibus
1103 1779 1168 1816 curn
1186 1759 1296 1816 dnobus
1314 1777 1370 1815 ser-

286 1849 416 1904 monibus
428 1867 484 1903 vno
492 1849 528 1904 ed
541 1849 645 1904 clerum
656 1849 743 1904 altero
751 1849 787 1904 ed
800 1867 910 1905 crucem
923 1850 1003 1904 Pauli
1012 1855 1042 1905 et
1053 1867 1118 1905 cum
1129 1868 1183 1905 vne
1192 1849 1371 1921 responsione

287 1935 413 2006 proximo
422 1952 496 1989 anno
505 1935 559 1988 sub
571 1951 644 2005 pena
656 1935 797 1990 concionis
809 1934 891 1989 realis
905 1933 941 1989 xl·
949 1934 1076 2006 ponende
1089 1935 1117 1989 in
1131 1933 1261 1990 manibus
1273 1952 1370 2005 procu-

286 2028 411 2077 ratorum
429 2028 581 2093 antequam
597 2021 768 2077 admittetur
779 2022 899 2077 sufficiet
910 2022 936 2077 ei
953 2029 1012 2077 tam
1029 2021 1063 2077 sd
1076 2022 1272 2094 opponendum
1284 2039 1370 2093 quam

286 2108 449 2166 intrandum
474 2110 503 2164 in
527 2127 606 2165 sacre
630 2109 769 2180 theologia
791 2110 827 2165 ed
855 2108 990 2180 placitum
1015 2109 1086 2164 citra
1116 2111 1220 2165 festum
1244 2111 1370 2165 omnium

286 2203 447 2253 sanctorum
461 2199 619 2270 proximum
656 2199 695 2252 Et
707 2204 738 2252 vt
749 2197 914 2252 concinetur
926 2214 991 2251 cnm
1002 2199 1102 2252 ceteris
1115 2199 1198 2253 huius
1210 2199 1277 2252 anni
1293 2199 1370 2253 theo-

286 2286 358 2357 logie
369 2285 576 2341 bacchalaureis

216 2374 292 2430 Item
304 2373 466 2429 conceditur
477 2374 612 2444 magistro
625 2373 730 2444 Maptit
743 2379 774 2427 vt
785 2373 911 2428 studium
925 2378 941 2430 7
952 2391 1091 2428 annornm
1104 2374 1133 2428 in
1146 2374 1284 2444 theologia
1295 2381 1371 2445 post

287 2480 373 2535 quam
385 2464 487 2518 rexerit
503 2464 532 2517 in
545 2462 654 2517 artibus
665 2479 729 2516 cum
742 2460 851 2517 duobus
863 2461 1038 2516 sermonibus
1050 2479 1105 2516 vno
1117 2462 1153 2517 ad
1165 2461 1269 2517 clerum
1283 2461 1372 2517 altero

287 2550 323 2606 ad
341 2567 451 2605 erucem
475 2550 552 2605 Pauli
572 2554 602 2604 et
622 2567 686 2604 oum
712 2565 767 2603 vna
790 2549 968 2619 responsione
987 2566 1061 2603 anno
1081 2549 1208 2619 proximo
1227 2548 1281 2604 snb
1301 2567 1372 2620 prena

287 2639 428 2694 concionis
445 2637 527 2692 realis
543 2638 581 2691 xl·
593 2636 720 2708 ponende
738 2636 767 2690 in
785 2634 915 2690 manibus
931 2641 1143 2706 procuratorum
1157 2646 1309 2708 aliaequam
1323 2637 1371 2692 ed·

288 2727 421 2782 mittetur
432 2726 552 2780 sufficiat
561 2725 586 2780 ci
599 2729 658 2780 tam
671 2723 707 2779 ad
719 2723 917 2795 opponendum
926 2741 1012 2794 quam
1021 2723 1185 2778 intrandum
1195 2724 1224 2778 in
1234 2723 1373 2795 theologie

289 2816 335 2871 Sic
347 2815 422 2887 quod
433 2814 603 2869 admittatur
614 2813 649 2868 ad
662 2813 797 2884 placitum
810 2812 870 2866 siue
883 2813 912 2866 in
925 2813 1045 2866 termino
1057 2811 1118 2866 sine
1129 2817 1209 2866 extra
1220 2813 1372 2867 terminum

288 2903 359 2959 citra
371 2903 475 2957 festum
488 2900 633 2956 Michaelis
645 2901 802 2971 proximum

217 2991 324 3049 Eadem
336 2990 427 3062 gratia
437 2990 473 3045 de
482 2988 566 3044 verbo
577 2989 607 3043 in
617 2989 733 3044 verbum
745 2987 907 3043 conceditur
920 2955 1061 3058 magistris
1070 2989 1162 3043 Graue
1170 2992 1200 3043 et
1210 2988 1371 3060 Thompson

287 3077 350 3132 aule
362 3075 443 3132 (llere
729 3073 732 3080 '

717 3294 873 3359 Doctores

218 3476 254 3531 In
270 3473 370 3545 primis
388 3472 550 3528 conceditur
565 3473 699 3543 magistro
713 3472 835 3529 Haddon
848 3479 880 3528 vt
895 3472 1022 3528 studium
1034 3479 1097 3527 octo
1113 3489 1251 3527 annorum
1269 3473 1298 3527 in
1313 3473 1373 3544 jure

289 3561 365 3616 ciuili
389 3566 539 3633 postquam
563 3562 665 3617 rexerit
688 3561 718 3616 in
742 3561 851 3617 artibus
875 3561 997 3617 sufficiat
1017 3561 1043 3616 ei
1066 3561 1102 3616 ad
1128 3561 1318 3632 incipiendum
1342 3563 1372 3617 in

289 3647 386 3704 eodem
404 3649 464 3704 inre

683 3945 725 4012 In
747 3945 910 4032 theologia

219 4131 295 4186 Item
316 4127 478 4184 conceditur
499 4128 633 4198 magistro
654 4127 761 4182 Sandes
781 4126 854 4181 Aule
876 4127 1012 4184 Katerine
1033 4131 1176 4201 preposito
1195 4134 1226 4185 vt
1247 4131 1373 4186 studium

290 4223 412 4288 quetnor
431 4232 569 4271 annorum
585 4217 615 4270 in
632 4214 771 4286 theologia
785 4219 849 4285 post
864 4216 982 4286 gradum
1000 4216 1246 4286 becchalaureatus
1263 4235 1373 4290 suscep-

290 4311 353 4359 tum
374 4321 430 4358 vna
450 4320 515 4358 cum
537 4301 629 4357 tribus
649 4300 825 4356 sermonibus
846 4319 901 4356 vno
923 4303 969 4357 hic
990 4303 1066 4374 apud
1088 4321 1137 4358 vos
1160 4305 1190 4360 in
1214 4305 1374 4360 achademie

290 4392 396 4464 templo
416 4392 512 4463 lingua
533 4389 682 4446 vernacula
703 4395 769 4444 ante
789 4389 850 4444 eius
870 4390 1069 4448 admissionem
1089 4391 1208 4448 dicendo
1227 4393 1316 4449 altero
1338 4395 1374 4451 ad
