3422 5116
328 428 331 433 ,
378 355 418 418 66
821 363 934 413 onnon
957 363 1048 412 noos
1073 362 1094 410 Δ
1370 345 1537 430 [1549-50

268 567 269 570 “
302 569 327 576 ”
427 573 594 639 Numerus
617 570 921 636 bacchnlaureorum
946 568 979 632 iu
1003 567 1129 634 artibus
1151 567 1244 634 iuxta
1266 567 1488 632 senioritatem
1531 571 1533 574 ’

385 733 389 740 '
506 742 620 797 ¹Foster
837 739 953 811 Temple
1020 767 1023 774 =
1155 739 1287 811 Rycroftc

520 827 629 882 Oletero
836 825 956 880 Neriton
1157 824 1273 880 Wallrar

838 913 928 967 Bonos
1156 913 1295 984 Sympson

838 999 947 1056 Carvell
1157 1000 1298 1056 Aesbeton

839 1091 922 1162 Maye
1159 1089 1313 1144 Harwoode

836 1177 948 1248 Thorpe
1158 1178 1246 1232 Burro

838 1263 988 1320 Godshalfe
1059 1263 1060 1268 '
1159 1264 1285 1336 Raynold

838 1353 944 1407 Barton
1155 1352 1291 1408 Bcoester

834 1440 940 1511 Whyte
1042 1485 1044 1489 ,
1155 1438 1258 1510 Tayler

836 1527 928 1583 Fowle
1158 1525 1274 1582 Boswell

838 1614 967 1671 Tunstall

883 1989 1044 2056 Medicina

384 2159 457 2216 Item
476 2159 638 2214 conceditur
654 2157 768 2214 domino
785 2157 851 2212 Half
869 2161 901 2212 vt
918 2157 1044 2228 quinque
1062 2155 1128 2210 anni
1147 2154 1251 2226 quibus
1268 2155 1313 2210 hic
1330 2155 1359 2210 in
1378 2153 1541 2210 achademio

453 2245 590 2302 medicine
614 2247 742 2302 incubuit
766 2264 829 2302 cum
854 2245 917 2300 eliis
940 2249 1063 2315 quatuor
1083 2241 1187 2314 quibus
1208 2241 1275 2297 alibi
1296 2240 1386 2297 eidem
1411 2241 1540 2298 facultati

452 2353 565 2406 operam
582 2335 661 2390 dedit
677 2335 819 2390 sufficiant
835 2333 860 2388 ei
877 2333 913 2388 ad
930 2329 1142 2403 practiccndum
1160 2331 1190 2385 in
1208 2329 1306 2385 eadem
1323 2329 1459 2385 facultate
1494 2331 1541 2386 Sic

452 2420 527 2494 quod
539 2423 600 2477 eius
611 2421 757 2494 eru[di]tio
767 2419 938 2492 approbetur
949 2437 999 2490 per
1009 2420 1137 2474 doctores
1149 2417 1263 2473 Wallrer
1274 2422 1304 2473 et
1317 2417 1496 2490 Pyclrerynge

384 2511 457 2565 item
470 2510 632 2566 conceditur
648 2511 737 2565 eidem
751 2512 782 2563 vt
799 2507 901 2563 habeat
918 2507 1014 2562 literne
1029 2506 1215 2562 concessionis
1231 2524 1281 2561 oue
1297 2506 1433 2577 sigillatas
1449 2506 1540 2578 sigillo

454 2603 546 2652 vestro
558 2596 701 2652 communi

261 3005 370 3064 ΗΠ)
496 3002 662 3066 Numerus
685 3001 883 3090 Regentium
908 3001 942 3066 in
965 3002 1092 3067 artibus
1114 3001 1210 3066 istius
1233 3002 1311 3067 anni
1334 3003 1428 3066 iuxta

854 3107 1077 3172 senioritatem

488 3259 614 3332 ’Boyton
758 3259 896 3316 Gordiner
1062 3260 1129 3316 0010
1272 3259 1442 3331 Brolrlesbye

507 3348 609 3404 Tatam
755 3349 918 3406 Beamownt
1058 3348 1159 3420 Bcrley
1269 3349 1365 3421 Oonye

385 3561 419 3615 ln
436 3562 534 3632 primis
550 3561 712 3618 conceditur
727 3563 841 3618 domino
858 3563 959 3619 Tatcm
976 3567 1009 3618 vt
1024 3580 1124 3618 novem
1141 3563 1254 3618 termini
1272 3567 1337 3633 post
1352 3559 1463 3616 finalem
1480 3561 1541 3614 eius

453 3650 716 3707 determinationem
737 3653 766 3706 in
788 3651 892 3723 quibus
913 3652 1047 3707 lectiones
1067 3651 1222 3707 ordinarias
1245 3649 1356 3706 audiuit
1380 3655 1541 3720 ceterasque

453 3739 667 3794 exercitationes
682 3739 864 3794 scholasticas
880 3738 1034 3794 secundum
1050 3739 1169 3794 formam
1186 3737 1288 3793 statuti
1305 3737 1451 3810 perfecerit
1465 3736 1540 3791 suffi-

454 3827 532 3882 ciant
543 3827 568 3883 ei
580 3827 617 3883 ad
629 3825 820 3900 incipiendum
833 3827 862 3882 in
874 3825 984 3882 artibus

385 3914 459 3969 Item
477 3913 638 3970 conceditur
655 3913 769 3970 domino
787 3912 886 3985 Barley
905 3917 938 3968 vt
955 3917 973 3970 9
992 3915 1104 3969 termini
1122 3919 1187 3985 post
1203 3913 1315 3969 fimlem
1333 3913 1393 3968 eius
1410 3910 1540 3968 determi-

455 4003 600 4057 nacionem
616 4002 646 4057 in
663 4001 767 4073 quibus
782 4001 916 4057 lectiones
933 3999 1088 4056 ordinarios
1104 4000 1215 4056 audiuit
1230 4005 1391 4071 ceteraeque
1409 3999 1541 4055 exercito·

455 4088 549 4144 cinnes
566 4088 747 4144 scholasticos
764 4088 918 4144 secundum
934 4087 1054 4144 formam
1072 4089 1175 4144 statuti
1193 4087 1339 4161 perfecerit
1356 4087 1498 4144 sufficiant
1515 4087 1542 4142 ei

455 4177 491 4232 ad
509 4177 699 4248 incipiendum
717 4178 747 4232 in
765 4177 875 4233 artibus

434 4323 442 4356 ¹
461 4323 525 4372 This
536 4323 583 4373 list
594 4323 617 4372 is
628 4323 733 4374 written
744 4323 773 4373 in
785 4337 835 4374 one
845 4324 952 4375 column
963 4324 1042 4387 along
1053 4323 1099 4376 the
1110 4323 1212 4377 bottom
1223 4323 1300 4388 &aas
1311 4324 1339 4375 of
1350 4323 1395 4375 the
1406 4337 1493 4389 peges.

434 4405 444 4438 ¹
461 4403 526 4455 Thio
536 4405 582 4456 list
592 4404 616 4456 ir
627 4405 730 4456 πίθου
741 4405 770 4455 in
782 4419 833 4456 one
843 4405 951 4457 column
961 4405 1040 4470 along
1051 4405 1097 4457 the
1108 4409 1154 4471 top
1164 4405 1227 4472 edge
1237 4407 1266 4458 of
1275 4405 1321 4457 the
1331 4420 1404 4472 page.
