3378 5116
773 368 886 421 ossea
909 369 1001 420 soor<
1024 373 1046 420 n
1321 349 1484 442 [1550-51

776 862 1098 950 Dispensationes'
1225 887 1227 892 ¹
1362 885 1365 891 ·

335 1056 369 1110 In
382 1055 481 1126 primis
492 1055 654 1110 conceditur
666 1059 697 1110 vt
709 1056 805 1111 concio
817 1055 853 1111 td
862 1056 967 1112 clerum
977 1055 1111 1126 adquam
1124 1061 1237 1111 tenetur
1246 1056 1379 1126 uragistcr
1391 1055 1488 1110 Horne

404 1143 514 1197 racione
525 1143 628 1213 gradus
639 1143 887 1200 bacchalaureetus
900 1145 929 1199 in
941 1144 1080 1216 theologia
1091 1146 1214 1215 suscepti
1230 1145 1334 1199 mutari
1351 1143 1441 1215 possit
1457 1143 1487 1196 in

404 1249 452 1285 sex
463 1230 499 1286 ad
511 1231 647 1303 populum
659 1249 709 1303 per
719 1249 784 1287 eum
802 1235 831 1288 in
844 1233 957 1305 propria
968 1251 1088 1304 persona
1104 1233 1286 1305 perficiendas
1301 1239 1369 1288 ante
1382 1232 1488 1288 Pascha

405 1318 562 1390 proximum
575 1319 604 1372 in
617 1318 669 1372 hec
681 1319 865 1375 universitate

335 1408 409 1462 item
427 1406 590 1462 comeditur
608 1407 743 1478 magistro
767 1407 895 1480 Aylonde
913 1414 945 1462 vt
962 1408 1089 1464 studium
1108 1413 1125 1464 6
1146 1425 1282 1464 annornm
1301 1409 1332 1463 in
1349 1407 1488 1478 theologia

405 1501 554 1566 postquam
572 1495 676 1549 rexerit
693 1495 723 1551 iu
747 1495 857 1551 artibus
874 1513 939 1550 cum
960 1494 1070 1551 duabus
1088 1495 1313 1567 oppositionibus
1330 1501 1396 1550 ente
1414 1512 1487 1549 eorn-

405 1583 485 1638 mitia
496 1589 527 1638 et
543 1583 625 1637 vnics
639 1583 818 1656 responsione
834 1601 890 1640 vna
906 1599 970 1639 cum
987 1583 1050 1638 aliis
1064 1584 1203 1638 exercitiis
1220 1601 1271 1655 per
1288 1587 1398 1638 statuta
1414 1583 1488 1654 regie

375 1693 376 1696 ¹
404 1670 626 1741 requisitiscitra
634 1669 738 1725 festum
749 1671 854 1726 Pascha
863 1671 1022 1743 proximum
1029 1668 1082 1724 sub
1089 1687 1162 1741 pene
1171 1671 1312 1726 concionis
1319 1669 1353 1726 v¹¹
1361 1670 1488 1742 ponende

405 1758 433 1812 in
453 1757 583 1816 manibus
601 1765 813 1829 procuratorum
835 1763 987 1830 antequam
1007 1758 1178 1814 admittatur
1200 1759 1322 1814 sufficiat
1339 1760 1365 1814 ei
1385 1759 1421 1814 sd
1439 1777 1487 1831 op-

171 1853 228 1902 Non
240 1859 279 1904 eat
402 1845 564 1916 ponendum
585 1851 616 1901 et
633 1845 797 1901 intrandum
819 1846 848 1900 in
867 1845 1006 1916 theologia
1042 1845 1088 1900 Ita
1105 1845 1182 1916 quod
1200 1845 1303 1901 habeat
1321 1863 1405 1902 unam
1424 1863 1488 1901 oon·

171 1919 302 1997 Nimim?
403 1933 512 1988 cionem
529 1932 576 1987 hic
593 1950 687 1988 eoram
705 1932 785 1988 vobis
803 1939 871 1988 ente
887 1933 1032 1988 commitis
1050 1933 1176 2004 proxima

171 1985 319 2034 sedmorre·
527 2021 532 2032 .
617 2021 623 2034 .
705 2021 711 2032 .
744 2021 750 2032 .
1136 2021 1142 2034 .
1294 2021 1299 2034 .
1443 2023 1448 2034 .
1480 2021 1486 2034 .

171 2051 247 2099 batur
257 2051 300 2099 do·
335 2021 408 2076 Item
420 2020 584 2076 conceditur
599 2019 689 2075 erdem
703 2025 767 2075 rstrs
782 2025 936 2076 eommrtus
951 2037 1120 2092 responsuro
1135 2038 1164 2076 rn
1181 2021 1319 2092 theologis
1331 2025 1364 2078 vt
1374 2021 1488 2078 admitti

171 2115 266 2164 minino
279 2115 322 2164 die
405 2108 494 2180 possit
505 2109 542 2164 ad
559 2109 694 2180 placitum
711 2109 782 2164 citra
798 2109 903 2165 festum
921 2110 1066 2165 Michaelis
1083 2111 1239 2182 proximum
1256 2115 1285 2166 ot
1298 2115 1330 2166 vt
1345 2128 1437 2166 sermo
1452 2109 1488 2164 ad

171 2187 309 2295 mmm·
403 2213 488 2268 quem
510 2201 622 2252 tenetur
641 2197 712 2254 citre
735 2198 881 2253 commitis
900 2199 1060 2269 perficiatur
1084 2205 1148 2268 post
1171 2198 1315 2254 commitis
1338 2203 1368 2253 et
1392 2205 1486 2254 tamen

404 2290 471 2340 ante
490 2287 594 2340 festum
616 2287 810 2358 supradictum
828 2305 884 2342 non
903 2287 1034 2342 obstante
1052 2289 1143 2358 gratia
1160 2287 1215 2343 sibi
1239 2289 1374 2359 superiori
1398 2289 1489 2358 gratie

405 2391 534 2429 concessa

212 2817 232 2878 f.
249 2817 322 2876 301)
487 2815 600 2880 Gratis
624 2815 711 2880 varie
734 2822 770 2879 et
791 2813 915 2878 nullam
939 2813 1074 2878 formem
1098 2820 1328 2877 concernentes

335 3011 368 3065 ln
383 3012 481 3082 primis
493 3011 656 3067 conceditur
671 3017 703 3068 vt
714 3012 846 3068 dominus
863 3011 1095 3083 procancellarius
1110 3027 1166 3064 vna
1182 3027 1247 3065 cum
1264 3009 1489 3082 procuratoribus

403 3107 433 3155 et
452 3101 594 3170 magistris
613 3100 728 3155 Brorrnc
749 3099 879 3171 Anlabye
898 3100 986 3170 Porye
1005 3099 1133 3170 Maptytt
1151 3102 1180 3153 et
1200 3097 1349 3153 Sherwood
1367 3097 1491 3152 habeant

405 3194 527 3243 vestram
536 3188 738 3244 authoritatem
750 3187 871 3243 adeundi
878 3193 908 3242 et
916 3185 1082 3259 inspiciendi
1090 3185 1205 3241 domum
1214 3186 1355 3256 quandam
1366 3193 1488 3241 vestram

405 3277 435 3330 in
454 3277 585 3347 parochia
603 3277 752 3333 Trinitatis
770 3278 905 3333 situatam
921 3276 1040 3332 laceram
1057 3275 1209 3331 admodum
1225 3281 1255 3330 et
1273 3275 1362 3332 indies
1377 3277 1489 3331 ruinam

406 3365 586 3420 minitantem
598 3369 628 3419 et
640 3372 701 3420 tnm
718 3365 832 3421 demum
846 3364 889 3420 vel
906 3363 1067 3419 achademie
1083 3363 1219 3435 impensis
1234 3363 1381 3434 reparandi
1399 3363 1442 3418 vel
1461 3364 1490 3417 in

406 3471 495 3508 annos
507 3453 611 3508 multos
623 3453 667 3508 vel
679 3471 783 3525 paucos
794 3452 919 3508 elocandi
932 3453 962 3507 in
975 3471 1056 3508 vsum
1069 3453 1144 3507 dicte
1160 3452 1321 3507 achademie
1357 3452 1403 3506 Sic
1415 3451 1489 3522 quod

405 3541 475 3612 quid
492 3541 531 3596 hii
549 3541 592 3596 vel
609 3540 709 3596 horum
727 3544 816 3597 maior
833 3559 898 3613 pars
916 3541 1071 3597 decreuerit
1089 3546 1213 3596 vestrum
1232 3542 1359 3596 omnium
1378 3540 1491 3594 nomine

408 3635 502 3684 retum
514 3627 655 3692 habeatur

338 3719 411 3773 Item
431 3717 593 3772 conceditur
611 3722 643 3771 vt
660 3717 791 3773 dominus
811 3717 1044 3789 proceneellerins
1067 3717 1165 3772 doctor
1185 3717 1289 3772 Parker
1308 3721 1338 3772 et
1358 3716 1492 3786 magister

407 3804 538 3861 Grendall
551 3802 675 3858 habeant
684 3809 807 3858 vestram
816 3804 1019 3859 authoritatem
1029 3804 1195 3876 inspiciendi
1207 3812 1237 3859 ct
1246 3803 1393 3859 ordinandi
1405 3805 1491 3859 cistas

407 3891 567 3948 achademie
579 3897 693 3962 propter
704 3891 938 3962 indempnitsism
951 3892 1102 3948 earundem

337 3985 410 4038 Item
423 3981 584 4038 conceditur
597 3985 628 4035 vt
639 3981 665 4036 J.
680 3981 827 4036 Emanuell
844 3981 999 4036 hemelius
1016 3981 1062 4036 hic
1072 3981 1148 4053 apud
1161 3998 1210 4036 vos
1223 3981 1361 4053 professor
1373 3979 1492 4036 hebreus

406 4072 436 4122 et
448 4069 477 4122 in
490 4083 566 4121 sacra
578 4065 716 4137 scripture
728 4065 847 4120 lectione
859 4066 1033 4135 aliquamdiu
1043 4075 1172 4120 versatus
1184 4067 1275 4136 possit
1287 4071 1381 4120 vestra
1391 4065 1491 4120 autho-

407 4158 492 4211 ritate
509 4161 539 4210 st
556 4154 750 4210 benevolentia
771 4155 856 4210 libere
876 4154 1021 4225 disputare
1046 4153 1212 4224 respondere
1235 4159 1265 4208 et
1286 4153 1341 4208 alis
1359 4153 1492 4208 exercitia

407 4241 561 4314 theologica
584 4243 793 4298 exercitationis
817 4242 908 4313 gratie
938 4241 1050 4314 publice
1077 4241 1153 4296 inter
1180 4241 1322 4310 theologos
1346 4257 1395 4311 per
1418 4241 1493 4295 vices

468 4337 528 4387 tare

257 4444 259 4455 ¹
338 4341 566 4478 [deniridrbatim
578 4435 739 4473 concessum
752 4423 796 4472 est
807 4417 922 4472 domino
934 4417 1059 4472 Antonio
1071 4415 1226 4471 Oevellerio
