3378 5116
186 341 355 424 1551-5‘2]
628 356 741 403 onnon
764 355 857 402 noou
881 354 903 412 a
1306 338 1347 404 79

186 510 263 564 Item
280 510 444 566 conceditur
458 510 573 565 domino
590 511 664 582 Glyn
681 516 713 564 vt
730 527 830 564 novem
850 510 964 565 termini
977 514 1042 581 post
1058 510 1169 565 finalem
1182 511 1243 565 cius
1258 509 1348 564 deter-

260 598 444 653 minationem
462 597 491 652 in
508 597 611 669 quibus
627 597 761 653 lectiones
779 597 935 652 ordinarias
950 598 1062 653 audiuit
1077 597 1143 653 licet
1162 615 1217 652 non
1234 598 1349 652 omnino

260 685 415 740 secundum
431 684 551 740 formam
567 686 669 741 statuti
685 703 750 740 cum
768 685 992 757 oppositionibus
1008 690 1038 741 et
1053 685 1283 758 responsionibus
1299 704 1350 758 per

259 772 335 844 regia
346 776 457 827 statute
469 771 612 843 requisitis
623 773 766 828 sufficiant
776 773 802 828 ei
815 773 851 828 ad
863 772 1055 844 incipiendum
1067 775 1096 828 in
1109 772 1220 828 artibus

188 859 255 914 Vna
272 875 337 913 cum
356 858 401 913 his
418 858 524 930 incepit
541 858 673 914 dominus
691 858 833 914 Threlkell
849 861 885 914 de
903 859 1018 931 collegio
1039 860 1135 931 Regali
1151 878 1274 932 quocum
1292 879 1348 916 non

260 955 323 1003 erat
340 949 536 1019 dispensatum
555 965 606 1020 per
624 947 818 1004 achademiam
1101 967 1102 970 ¹

189 1037 265 1092 Item
287 1035 449 1091 conceditur
469 1034 585 1091 domino
606 1035 723 1090 Yeidert
742 1040 774 1090 vt
793 1040 810 1091 9
830 1035 944 1090 termini
964 1040 1029 1107 post
1048 1037 1161 1093 finalem
1180 1038 1241 1092 eiius
1259 1037 1348 1092 deter-
1361 1037 1382 1095 f.
1398 1037 1469 1096 aaa

262 1124 445 1180 minationem
464 1124 493 1178 in
512 1123 617 1196 quibus
633 1124 766 1180 lectiones
784 1124 940 1180 ordinarias
954 1123 1066 1179 audiuit
1081 1124 1149 1181 licet
1164 1143 1220 1180 non
1235 1126 1350 1180 omnino

261 1212 415 1268 secuudum
429 1213 546 1267 sormam
563 1212 666 1267 statuti
681 1229 745 1268 cnm
763 1212 987 1284 oppositionibus
1003 1213 1230 1284 responsionibus
1242 1218 1271 1268 et
1287 1214 1350 1269 aliis

261 1300 401 1356 exercitiis
413 1301 492 1355 iuxta
504 1304 613 1354 statrrta
625 1300 701 1370 regia
715 1300 861 1371 requisitis
871 1299 1014 1355 sufficiant
1025 1301 1051 1355 ci
1067 1300 1104 1356 ed
1115 1301 1306 1373 incipiendum
1319 1300 1349 1356 in

261 1388 372 1444 artibus

189 1477 298 1532 Eadem
309 1476 401 1547 gratia
409 1476 444 1530 de
453 1474 538 1531 verbo
547 1476 576 1530 in
590 1473 706 1531 verbnm
716 1475 879 1532 conceditur
890 1475 1012 1532 dominis
1022 1475 1133 1547 Wyllan
1146 1482 1176 1532 et
1188 1477 1349 1548 Thompson

190 1565 266 1621 Item
286 1564 449 1621 conceditur
470 1563 593 1620 Hem-ico
618 1564 695 1618 Maio
718 1568 751 1618 vt
774 1581 874 1619 novem
898 1565 1012 1620 termini
1035 1565 1065 1619 in
1089 1564 1194 1636 quibus
1217 1565 1351 1620 lectiones

263 1653 417 1709 ordinarias
438 1653 549 1709 audiuit
566 1653 633 1710 licet
651 1671 706 1708 uon
728 1653 843 1708 omnino
862 1653 1016 1709 secundum
1036 1653 1154 1708 formam
1173 1653 1276 1709 statuti
1295 1671 1351 1708 vua

262 1760 327 1798 cum
345 1742 570 1815 oppositionibus
587 1747 617 1798 et
634 1741 863 1814 responsionibus
881 1741 1036 1812 ceterisque
1053 1741 1192 1797 exer-uitiis
1208 1760 1259 1814 per
1275 1743 1351 1815 regia

262 1834 372 1886 statuta
389 1831 532 1902 requisitis
550 1830 693 1886 sufficiant
710 1831 735 1886 ei
754 1831 789 1886 ad
807 1829 999 1902 incipiendum
1016 1831 1046 1885 in
1064 1829 1174 1886 artibus

190 1919 298 1976 Eadem
310 1920 402 1991 gratia
413 1919 448 1975 de
459 1919 544 1975 verbo
556 1919 586 1974 in
599 1919 716 1974 verbum
728 1918 892 1976 conceditur
899 1919 1013 1976 domino
1023 1919 1171 1975 Francisco
1184 1920 1350 1992 Babyugton

190 2009 268 2064 Item
286 2006 448 2062 conceditur
465 2005 579 2061 domino
600 2005 720 2077 Smytbe
738 2014 771 2061 vt
791 2009 809 2062 9
828 2005 942 2060 termini
962 2011 1026 2076 post
1046 2005 1159 2061 finalem
1178 2006 1239 2062 eius
1259 2007 1349 2062 deter-

263 2093 446 2150 minationem
465 2093 494 2147 iu
511 2091 615 2164 quibus
630 2091 765 2148 lectiones
780 2092 936 2148 ordinaries
952 2092 1064 2148 audiuit
1081 2092 1147 2148 licet
1163 2111 1219 2148 non
1236 2094 1351 2149 omnino

263 2181 416 2238 secundnm
442 2183 561 2237 formam
585 2181 688 2238 statuti
712 2199 778 2238 cum
803 2180 1027 2253 oppositionibus
1050 2181 1278 2252 responsionibus
1303 2183 1349 2238 dc·

264 2271 431 2326 clamatione
446 2274 477 2325 et
492 2269 555 2325 aliis
571 2269 711 2324 exercitiis
726 2287 777 2341 per
790 2270 867 2340 regia
883 2273 993 2324 statuta
1008 2268 1153 2339 requisitis
1168 2269 1309 2324 sufficiant
1325 2270 1349 2325 ei

263 2359 299 2415 ad
312 2357 503 2430 incipiendum
516 2359 545 2412 in
558 2357 669 2413 artibus

191 2447 300 2504 Eadem
311 2447 402 2520 gratia
414 2447 448 2503 de
460 2447 545 2502 verbo
557 2447 586 2502 in
600 2445 717 2502 verbum
728 2446 892 2502 conceditur
903 2445 1024 2502 dominis
1038 2445 1155 2517 Dyrkyn
1167 2452 1197 2501 et
1210 2447 1315 2502 Blande

192 2537 269 2592 Item
287 2533 450 2590 conceditur
467 2534 581 2589 domino
601 2533 736 2607 Layiylde
752 2539 785 2590 vt
803 2538 821 2590 9
837 2533 951 2588 termini
970 2538 1035 2604 post
1054 2533 1163 2588 finalem
1182 2535 1243 2589 eius
1260 2535 1349 2591 deter-

264 2624 447 2680 minationem
463 2621 493 2677 in
509 2620 614 2693 quibus
629 2621 763 2678 lectiones
780 2621 936 2676 ordinarias
951 2620 1064 2676 audiuit
1080 2620 1145 2676 licet
1164 2639 1220 2677 non
1236 2623 1350 2679 omnino

264 2709 418 2766 secundum
447 2709 566 2764 formam
590 2710 693 2764 statuti
717 2727 781 2764 cum
806 2708 1031 2782 oppositionibus
1054 2709 1280 2781 responsionibus
1303 2712 1350 2768 de-

264 2797 431 2854 clamatione
442 2801 472 2852 et
483 2796 547 2852 aliis
558 2795 698 2851 exercitiis
711 2797 789 2851 iuxta
801 2801 911 2852 statuta
923 2795 998 2866 regia
1010 2796 1153 2867 requisitis
1168 2797 1308 2854 sufficient
1324 2802 1349 2854 ei

264 2885 300 2940 ad
313 2883 502 2955 incipiendum
517 2883 545 2937 in
558 2881 668 2938 artibus

192 2975 269 3031 Item
288 2971 451 3028 conceditur
470 2971 585 3027 domino
603 2971 733 3044 Josselyn
752 2977 784 3027 vt
801 2975 819 3028 9
837 2971 950 3027 termini
969 2975 1034 3043 post
1051 2972 1164 3028 finalem
1182 2973 1243 3028 mus
1259 2973 1350 3029 deter-

265 3060 448 3116 minationem
467 3059 617 3132 inquibus
633 3061 767 3117 lectiones
783 3061 939 3117 ordinarias
954 3062 1066 3118 audiuit
1081 3061 1148 3117 licet
1163 3079 1219 3116 non
1236 3064 1350 3120 omnino

265 3148 418 3230 &cundum
431 3148 550 3204 formam
563 3150 664 3205 statuti
677 3168 741 3205 cum
759 3147 982 3222 oppositionibus
998 3149 1226 3221 responsionibus
1242 3155 1272 3206 et
1288 3151 1351 3207 aliis

264 3237 404 3293 exercitiis
420 3255 470 3309 per
485 3238 561 3308 regia
577 3241 687 3294 statuta
703 3237 846 3309 requisitis
863 3238 1005 3294 sufficiant
1019 3237 1045 3293 ei
1063 3237 1099 3292 ad
1116 3237 1306 3310 incipiendum
1320 3239 1350 3295 in

264 3323 376 3380 artibus

205 3631 373 3696 Numerus
389 3631 587 3717 Regentinm
603 3630 636 3693 in
654 3629 781 3694 artibus
797 3628 895 3694 huius
911 3627 989 3692 anni
1005 3629 1099 3690 iuxta
1113 3625 1334 3690 senioritatem

235 3821 238 3828 ⁴
322 3805 475 3878 ¹Gulpeper
701 3803 776 3876 Glyn
999 3803 1040 3856 nir
1053 3803 1220 3874 Babyngton

335 3895 455 3966 Smythe
651 3892 866 3962 iernompson
1054 3889 1188 3962 Layiylde

278 3981 472 4038 MrThrelkell
703 3981 821 4052 Dyrkyn
1053 3979 1160 4034 Blande

336 4071 448 4142 Wyllan
702 4069 820 4140 Dakyns
1000 4067 1041 4122 Mr
1053 4067 1161 4122 Gartbe

338 4157 490 4230 Robynson
703 4158 786 4229 Maye
1053 4156 1229 4228 Watkynson

336 4248 466 4320 Josselyn
703 4247 818 4302 Yeldert

337 4403 347 4437 ¹
365 4403 430 4456 This
441 4405 486 4456 list
496 4405 519 4456 is
531 4405 633 4456 written
646 4404 674 4454 in
686 4417 736 4456 one
748 4403 801 4454 line
812 4402 890 4466 along
901 4401 947 4452 the
959 4401 1058 4452 bottom
1070 4399 1099 4452 oi
1109 4399 1127 4450 i.
1140 4401 1171 4450 91
1184 4399 1208 4452 b.
