3378 5116
799 321 911 370 cesos
934 320 1026 370 noos
1050 321 1072 368 s
1355 299 1519 387 [1556-57

831 722 873 787 In
896 720 1058 786 medicina

368 860 442 916 Item
459 859 621 916 conceditur
633 859 771 914 Willelmc
788 858 975 930 Kenyngham
989 860 1047 914 iam
1061 859 1238 914 examinatus
1250 863 1280 913 et
1291 857 1463 929 approbatus
1474 875 1525 929 per

436 949 564 1004 doctores
584 948 699 1003 Wslker
721 954 750 1004 et
775 948 903 1004 Hstcber
922 953 954 1002 vt
977 947 1104 1003 studium
1127 950 1143 1006 7
1164 965 1302 1003 annorum
1326 947 1357 1003 in
1377 946 1524 1003 medicinis

437 1035 559 1091 sufficiet
576 1035 602 1090 ei
619 1035 656 1091 ad
673 1036 838 1091 intrandum
856 1036 886 1090 in
904 1035 1001 1090 eadem
1019 1035 1153 1090 facultate

825 1330 866 1394 In
884 1329 959 1416 jure
981 1329 1070 1395 ciuili

372 1467 446 1522 Item
463 1467 626 1522 conceditur
642 1465 764 1521 Roberto
781 1465 889 1520 Furthe
901 1469 933 1520 vt
949 1465 1076 1520 studium
1090 1469 1106 1518 5
1119 1483 1257 1520 annorum
1270 1466 1299 1520 iu
1312 1467 1373 1521 iure
1384 1465 1461 1521 ciuili
1474 1466 1527 1521 hac

442 1555 471 1611 in
484 1557 668 1611 uniuersitate
679 1555 800 1610 sufficiat
812 1555 837 1609 ei
849 1553 885 1608 sd
897 1553 1061 1610 intrandum
1074 1555 1104 1609 in
1116 1554 1213 1609 eodem
1226 1554 1286 1609 iure

372 1644 448 1699 Item
464 1643 625 1698 conceditur
640 1642 754 1697 dominc
773 1641 865 1714 Bsker
881 1642 928 1697 bic
945 1641 1021 1713 apud
1035 1659 1085 1697 vos
1101 1641 1301 1699 becchalaureo
1317 1643 1395 1698 tertii
1412 1643 1480 1697 anni
1496 1645 1529 1697 vt

442 1731 570 1787 studium
588 1733 754 1788 iannorum
771 1730 801 1784 in
817 1728 927 1784 artibus
943 1736 972 1785 et
989 1730 1050 1786 iure
1066 1731 1143 1786 ciuili
1155 1749 1211 1786 vna
1227 1748 1292 1786 oum
1307 1730 1438 1785 omnibus
1450 1731 1529 1786 iuxta

442 1820 562 1874 sormam
574 1819 677 1874 statuti
689 1817 853 1890 peragendis
865 1817 1006 1873 sufficient
1018 1819 1044 1873 ei
1056 1817 1092 1873 sd
1104 1819 1269 1874 intrandum
1281 1819 1311 1873 in
1324 1819 1421 1874 eodem
1433 1819 1494 1874 iure

373 1907 449 1963 Item
461 1908 623 1964 conceditur
639 1907 755 1963 Matheo
769 1907 863 1978 Seyyn
876 1912 908 1962 vt
920 1907 1048 1963 studium
1060 1912 1076 1965 7
1089 1924 1227 1963 annorum
1239 1907 1269 1962 in
1278 1907 1342 1978 jure
1353 1907 1431 1962 ciuili
1443 1906 1530 1962 hicet

444 1995 559 2051 Oxoniis
571 1996 693 2052 sufficiat
704 1996 729 2050 ei
742 1995 778 2050 sd
791 1994 955 2049 intrandum
968 1997 997 2050 in
1010 1995 1107 2050 eodem
1119 1995 1180 2049 iure

374 2085 450 2140 Item
466 2083 628 2139 conceditur
645 2083 767 2138 Rcberto
784 2084 901 2153 Morgon
913 2088 946 2136 vt
958 2082 1084 2137 studium
1097 2084 1113 2140 7
1126 2099 1263 2137 annorum
1275 2082 1305 2136 in
1318 2083 1378 2136 iure
1389 2081 1466 2137 ciuili
1478 2082 1532 2136 hec

444 2172 474 2226 in
491 2172 676 2226 uniuersitate
691 2175 722 2225 et
738 2172 825 2225 trium
843 2169 959 2225 Oxcniis
975 2187 1040 2224 oum
1057 2171 1180 2241 practica
1196 2170 1299 2224 sorensi
1317 2170 1482 2226 7ennorum
1501 2169 1531 2224 in

444 2259 542 2315 eadem
555 2260 690 2315 iscultate
702 2261 823 2314 sufficiet
835 2260 860 2314 si
872 2259 908 2314 ad
921 2258 1084 2314 intrandum
1097 2261 1126 2314 in
1139 2259 1236 2314 eodem
1248 2261 1308 2314 iure

799 2572 839 2636 In
862 2571 934 2636 iure
956 2572 1111 2637 canonico

377 2709 452 2765 Item
470 2707 632 2763 conoeditur
648 2707 789 2762 Willelmo
807 2707 925 2779 Smythe
943 2709 1018 2762 socio
1036 2708 1100 2762 aule
1118 2707 1268 2763 Trinitatis
1285 2714 1315 2763 et
1333 2707 1487 2780 presbitero
1504 2711 1536 2764 vt

447 2795 574 2851 studium
586 2814 604 2849 r
615 2813 754 2851 annorum
767 2796 796 2850 in
809 2796 870 2849 iure
882 2795 1015 2850 canonico
1027 2799 1057 2849 et
1068 2795 1144 2850 ciuili
1157 2796 1279 2850 sufficiat
1287 2796 1313 2850 ei
1322 2795 1358 2851 ad
1370 2796 1535 2852 intrandum

448 2885 478 2939 in
490 2884 588 2940 eodem
600 2884 660 2940 iure
671 2884 805 2938 canonico

780 3179 931 3266 Magistri
953 3180 988 3245 in
1011 3181 1137 3246 artibus

380 3318 418 3373 Iu
434 3317 534 3391 primis
551 3316 713 3372 conceditur
727 3315 842 3372 domino
859 3317 977 3387 Igulden
989 3323 1022 3372 vt
1036 3320 1053 3372 9
1065 3319 1179 3373 termini
1196 3322 1347 3388 postquam
1364 3316 1538 3388 responderit

452 3405 593 3478 questioni
618 3405 648 3459 iu
669 3404 773 3476 quibus
797 3405 930 3461 lectiones
951 3405 1107 3460 ordinaries
1127 3405 1239 3460 audiuit
1260 3405 1326 3460 licet
1347 3423 1403 3460 non
1425 3405 1538 3460 omnino

452 3493 607 3550 secundum
624 3494 744 3549 formam
761 3495 864 3550 statuti
879 3513 944 3550 cum
961 3495 1054 3550 tribus
1070 3495 1297 3567 responsionibus
1313 3496 1453 3551 sufficIent
1465 3496 1491 3550 ei
1503 3494 1539 3550 sd

452 3579 645 3652 incipiendum
658 3580 687 3634 in
700 3580 810 3636 artibus

385 3671 459 3726 Item
476 3668 640 3725 conceditur
656 3669 770 3725 dominc
789 3671 937 3742 Fyrbanke
953 3677 985 3725 vt
1000 3674 1018 3727 9
1033 3671 1147 3726 termini
1163 3677 1229 3744 post
1244 3671 1358 3726 finalem
1374 3671 1434 3727 eius
1450 3669 1540 3726 deter-

454 3757 639 3812 minationem
655 3757 686 3812 in
702 3756 806 3828 quibus
821 3758 954 3813 lectiones
971 3758 1126 3814 ordinarias
1141 3759 1253 3815 audiuit
1269 3760 1335 3815 licet
1352 3777 1409 3814 non
1427 3759 1542 3814 omnino

454 3845 608 3902 secundum
626 3846 744 3902 formam
761 3849 864 3903 statuti
880 3866 945 3903 eum
962 3847 1054 3904 tribus
1070 3849 1298 3921 responsionibus
1312 3850 1454 3905 sufficient
1465 3849 1491 3903 ei
1505 3847 1541 3903 sd

454 3935 646 4006 incipiendum
659 3936 687 3990 in
701 3936 811 3992 artibus

385 4022 491 4079 Eedem
504 4023 595 4093 gratia
606 4021 641 4076 de
653 4021 737 4076 verbo
749 4023 779 4076 in
792 4022 908 4078 verbum
920 4024 1082 4080 conceditur
1094 4023 1215 4080 dominis
1228 4024 1330 4080 Bolton
1342 4029 1372 4080 et
1384 4025 1488 4096 Ryslye

386 4113 461 4168 Item
478 4110 641 4166 concedItur
656 4111 769 4166 domino
789 4112 874 4167 Ithell
892 4117 923 4168 vt
940 4116 957 4168 9
974 4113 1088 4168 termini
1105 4121 1255 4185 postquam
1271 4113 1447 4185 responderit
1462 4129 1542 4185 ques-

455 4199 526 4254 tioni
539 4201 568 4254 in
578 4198 682 4271 quibus
693 4199 827 4254 lectiones
838 4200 993 4255 ordinaries
1002 4200 1113 4256 audiuit
1125 4201 1191 4256 licet
1200 4219 1256 4256 non
1266 4203 1380 4256 omnino
1389 4200 1543 4257 secundum

456 4287 575 4342 formam
587 4287 689 4342 statuti
701 4305 766 4342 cum
778 4287 870 4343 tribus
882 4285 1110 4359 responsionibus
1119 4289 1260 4344 sufficient
1270 4289 1295 4344 si
1304 4289 1340 4345 ad
1353 4289 1544 4361 inoIpiendum

457 4374 487 4428 in
499 4373 608 4428 artibus
