3398 5122
217 321 382 408 1588-89]
663 337 777 387 onnon
799 338 894 388 soon
917 338 940 386 a
1310 323 1374 386 439

213 490 384 547 Conceditur
426 491 499 547 (lum
523 496 653 564 tempora
675 492 868 564 sophistarum
889 490 1134 564 disputacionibus
1154 491 1297 547 destinata
1317 510 1374 547 uon

284 582 429 637 sufficiunt
449 583 490 638 eis
511 581 547 637 ad
568 600 602 637 ea
622 581 780 653 peragenda
800 600 856 653 que
876 600 927 654 per
947 587 1058 638 statuta
1078 586 1172 636 vestra
1192 582 1374 652 requiruntur

284 668 376 739 placet
399 669 480 723 vobis
504 673 536 722 vt
560 674 654 723 vestra
677 668 847 723 auctoritate
871 669 956 723 liceat
980 669 1022 723 eis
1046 667 1164 739 singulis
1188 666 1287 723 diebus
1311 686 1373 739 pro·

284 756 365 811 festis
381 757 466 811 aliam
483 756 709 828 disputacionem
726 757 875 811 instituere
891 757 921 810 in
937 755 1041 810 scholis
1057 755 1159 810 vestris
1175 755 1374 827 philosophicis

284 844 321 899 ab
332 844 402 900 hora
413 845 499 900 tertia
510 844 703 917 pomeridiana
717 844 753 900 ad
765 849 897 915 quartam
910 845 951 898 sic
963 849 995 898 vt
1007 843 1166 899 moderator
1178 844 1250 899 alter
1262 844 1375 899 intersit

284 938 313 986 et
326 932 425 1003 viginti
438 931 474 987 ad
486 933 637 1000 minimum
649 933 776 1004 sophista

214 1019 384 1075 Conceditur
407 1019 504 1076 eodem
528 1038 593 1075 cum
618 1025 747 1092 tempora
771 1020 807 1075 ad
831 1019 1061 1091 philosophorum
1088 1019 1299 1090 disputaciones
1325 1036 1376 1090 per

285 1110 395 1162 statuta
416 1112 511 1162 vestra
534 1107 681 1178 designata
704 1125 761 1162 nou
786 1107 932 1162 sufficiunt
956 1107 1111 1177 incepturis
1135 1107 1165 1161 in
1188 1105 1298 1161 artibus
1323 1105 1511 1172 11001,Ιὸοη

284 1212 358 1249 anno
380 1194 472 1266 placet
493 1193 573 1250 vobis
592 1200 625 1249 vt
644 1198 739 1250 vestra
759 1194 930 1249 auctoritate
951 1193 1057 1248 eisdem
1081 1195 1236 1265 incepturis
1255 1193 1375 1249 liberum

284 1285 324 1339 sit
341 1284 419 1339 omni
439 1283 563 1356 profesto
580 1282 626 1338 die
643 1282 793 1339 cuiuslibet
809 1283 967 1354 septimane
982 1283 1013 1336 in
1028 1284 1150 1337 termino
1165 1282 1375 1354 disputaciones

285 1376 315 1426 et
330 1371 524 1443 responsiones
540 1388 605 1426 cum
623 1371 765 1443 magistris
782 1371 996 1442 disputantibus
1013 1388 1144 1442 peragere
1156 1376 1216 1426 tam
1228 1371 1258 1425 in
1272 1370 1375 1426 scholis

284 1459 461 1531 philosophie
478 1477 565 1529 quam
584 1459 745 1514 dialectices
763 1457 800 1514 ab
819 1457 889 1513 hora
907 1475 982 1512 nona
1001 1456 1037 1512 ad
1055 1456 1230 1512 undecimam
1250 1463 1375 1512 anteme-

285 1547 424 1603 ridianam
437 1551 467 1602 et
478 1547 515 1602 ab
527 1548 596 1603 hora
607 1548 700 1618 prima
711 1546 747 1602 ad
759 1547 875 1601 tertiam
889 1544 1111 1617 pomeridianam
1151 1545 1193 1600 Ea
1206 1550 1302 1600 tamen
1315 1545 1375 1616 lege

285 1641 315 1692 et
332 1635 493 1691 conditione
510 1640 543 1690 vt
564 1641 779 1706 procuratorum
796 1635 869 1689 alter
886 1651 921 1688 ex
940 1633 1057 1688 bedellis
1075 1650 1147 1687 vnus
1166 1633 1280 1689 intersit
1298 1651 1376 1690 more

285 1729 420 1780 consueto
443 1723 586 1780 academie
610 1729 640 1780 et
663 1724 826 1796 questiones
851 1722 1047 1795 respondentis
1071 1720 1192 1793 publicis
1216 1721 1376 1777 scholarum

285 1814 376 1869 valvis
397 1831 463 1869 cum
484 1813 692 1886 subscriptione
715 1814 839 1869 nominis
860 1813 903 1867 aui
929 1813 1079 1883 affigantur
1099 1812 1169 1866 hora
1190 1817 1289 1867 octava
1309 1818 1376 1867 ante

286 1901 508 1974 disputationem
525 1907 555 1957 et
571 1902 669 1957 eodem
685 1907 812 1973 tempore
830 1899 957 1954 bodellus
973 1916 1075 1954 nomen
1092 1899 1267 1971 disputantis
1282 1900 1375 1954 locum

285 1995 315 2046 at
333 1995 447 2060 tempus
465 1989 604 2061 significet
624 2008 720 2046 coram
741 1989 890 2044 ordinariis
911 1988 1064 2043 lectoribus
1085 1988 1196 2060 publice
1217 1988 1375 2059 legentibus

286 2083 315 2134 et
340 2082 373 2132 12
398 2077 433 2131 ad
455 2077 607 2132 minimum
630 2079 736 2133 artium
761 2078 954 2134 bacchalaurei
978 2079 1008 2132 in
1033 2076 1179 2132 habitibus
1204 2079 1233 2131 et
1253 2077 1375 2148 caputiis

286 2183 336 2236 per
364 2165 507 2234 integrum
536 2164 742 2236 disputationis
773 2169 887 2236 tempus
918 2165 1054 2220 intersint
1101 2163 1140 2219 Et
1169 2164 1192 2218 si
1222 2164 1373 2235 quicquam

287 2251 486 2324 premissorum
516 2251 729 2320 pretermissum
760 2251 846 2305 hieria
876 2255 945 2306 tunc
972 2267 1006 2305 ea
1031 2250 1190 2320 disputacio
1219 2267 1271 2322 pro
1298 2249 1375 2305 nulla

286 2338 426 2394 habeatur

215 2427 387 2484 Conceditur
415 2431 448 2482 16
473 2426 636 2482 Decembris
684 2427 756 2482 (lum
785 2443 920 2481 numerus
944 2425 1197 2496 questionietarum
1224 2425 1276 2480 hoc
1300 2443 1375 2482 anno

286 2515 543 2587 inaugurandorum
565 2516 635 2570 adeo
657 2532 777 2586 magnus
800 2515 839 2569 sit
862 2519 896 2570 ut
920 2531 976 2568 non
1001 2514 1142 2569 sufficiant
1163 2514 1203 2568 eis
1224 2513 1284 2568 dies
1305 2515 1375 2570 setis

286 2605 371 2661 multi
387 2605 425 2661 ab
443 2605 525 2660 initio
543 2606 664 2676 proximi
682 2605 797 2660 termini
815 2605 851 2658 ed
870 2603 976 2658 maioni
992 2603 1107 2658 comitia
1123 2602 1227 2674 quibus
1245 2619 1375 2674 peragere

285 2695 396 2767 possint
416 2700 497 2749 actus
517 2711 583 2749 suos
607 2693 789 2750 scholasticos
807 2711 858 2765 per
878 2696 989 2746 statuta
1012 2692 1162 2762 requisitos
1183 2692 1275 2763 placet
1295 2690 1375 2746 vobis

287 2789 319 2838 vt
337 2783 421 2837 liceat
440 2781 547 2837 eisdem
567 2786 661 2837 vestra
680 2781 870 2837 aucthoritate
891 2785 920 2835 et
942 2779 1015 2835 bona
1035 2781 1118 2836 venie
1138 2781 1255 2850 singulis
1276 2778 1375 2835 diebus

288 2872 421 2944 profestis
441 2872 528 2926 etiam
549 2877 630 2927 extra
650 2872 804 2926 terminum
822 2869 969 2941 disputare
987 2869 1024 2924 ab
1042 2869 1112 2924 hora
1131 2873 1230 2924 octava
1249 2867 1284 2924 ed
1302 2868 1375 2924 deci·

288 2977 364 3015 mam
385 2958 637 3014 antemeridianam
656 2964 686 3014 et
704 2958 742 3014 ab
761 2958 830 3013 hora
851 2959 943 3030 prima
962 2958 998 3014 ad
1020 2959 1134 3012 tertiam
1155 2956 1375 3029 pomeridianam

287 3055 348 3103 tam
364 3049 393 3102 in
407 3047 503 3103 schola
518 3047 694 3119 philosophie
708 3065 794 3119 quam
810 3047 969 3102 dialectices
983 3047 1068 3102 sicvt
1080 3065 1153 3102 vnus
1167 3046 1375 3101 moderatorum

287 3154 398 3209 semper
413 3137 527 3192 intersit
543 3142 572 3191 et
588 3136 736 3192 duodecim
753 3136 790 3192 ad
804 3137 899 3191 minus
911 3136 1054 3191 auditores
1065 3139 1095 3190 et
1106 3136 1268 3207 questiones
1279 3135 1375 3206 dispu-

287 3225 374 3281 tanda
391 3225 481 3280 valvis
505 3225 663 3280 scholarum
684 3225 835 3296 affigantur
854 3224 1020 3296 pridieque
1039 3224 1136 3279 lutura
1153 3228 1197 3279 est
1214 3223 1375 3278 huiusmodi

287 3314 446 3386 disputacio
463 3313 588 3384 alioquin
607 3331 658 3385 pro
676 3313 755 3368 nulla
771 3311 911 3367 habeatur

217 3402 365 3474 Supplieat
381 3401 483 3455 vestris
501 3400 668 3456 reuerentiis
685 3399 879 3456 bacchalaurei
897 3398 949 3453 hoc
967 3415 1041 3453 anno
1060 3399 1197 3469 incepturi
1218 3397 1248 3451 in
1266 3396 1376 3452 artibus

288 3493 320 3543 vt
341 3506 406 3543 cum
427 3487 487 3543 dies
505 3487 624 3543 Veneris
644 3494 674 3542 et
695 3487 811 3542 Saturni
833 3486 869 3542 ad
890 3486 1002 3540 illorum
1023 3487 1098 3541 inter
1118 3503 1148 3540 se
1168 3484 1377 3556 disputationes

289 3582 318 3632 at
337 3575 555 3631 declamationes
575 3583 690 3646 propter
711 3592 860 3630 numerum
881 3592 979 3629 eorum
998 3592 1053 3628 non
1074 3573 1215 3628 sufficiunt
1234 3573 1317 3628 liceat
1335 3574 1376 3627 eis

289 3665 458 3722 auctoritate
470 3669 564 3720 vestra
575 3663 702 3735 quolibet
714 3663 761 3719 die
775 3664 898 3735 profesto
913 3663 949 3718 ad
963 3663 1183 3733 assignacionem
1198 3661 1375 3717 dominorum

289 3760 503 3826 procuratorum
519 3759 549 3807 et
564 3752 711 3824 disputare
727 3754 757 3807 in
774 3770 825 3807 suo
841 3769 924 3822 grege
939 3757 969 3806 et
985 3751 1141 3806 declamare
1156 3753 1198 3805 ita
1213 3757 1245 3806 vt
1263 3755 1297 3806 10
1312 3749 1376 3806 bao-

289 3841 428 3897 chalaurei
445 3858 556 3913 semper
570 3841 703 3896 intersint
718 3846 748 3896 et
760 3842 921 3911 questiones
935 3839 1105 3911 disputanda
1117 3839 1206 3894 valvis
1218 3838 1376 3894 scholarum

289 3947 366 3986 more
387 3929 470 3984 solito
490 3929 641 3999 affigentur
661 3929 786 3998 alioquin
805 3927 967 3983 huiusmodi
986 3927 1144 3999 disputacio
1162 3933 1193 3982 et
1210 3926 1377 3983 declamatio

289 4037 340 4092 pro
358 4019 437 4073 nulla
454 4017 593 4073 habeatur

219 4108 390 4164 Conceditur
410 4110 427 4162 6
450 4105 613 4162 Decembris
633 4112 665 4162 vt
685 4107 819 4177 magister
839 4107 938 4163 doctor
959 4106 1047 4161 Perna
1066 4107 1105 4160 sit
1124 4122 1197 4160 vnus
1216 4104 1377 4160 auditorum

290 4197 360 4252 ciste
378 4195 537 4250 communis
581 4195 654 4250 item
678 4201 710 4251 vt
732 4197 771 4249 sit
793 4213 866 4250 vnus
883 4195 1043 4250 auditorum
1065 4194 1137 4249 ciete
1157 4194 1215 4248 Fen
1236 4198 1266 4250 et
1290 4194 1377 4249 Neale

289 4284 349 4338 vice
367 4283 495 4352 magistri
515 4283 661 4354 Hampton
705 4283 779 4337 item
797 4283 931 4352 magister
946 4282 1108 4336 Thorneton
1125 4286 1157 4336 vt
1173 4282 1212 4337 sit
1228 4300 1300 4336 vnus
1316 4299 1377 4336 cus·

290 4371 389 4427 todum
407 4372 477 4426 cista
495 4371 554 4426 Fen
571 4374 600 4425 et
619 4371 706 4425 Neale
722 4371 783 4426 loco
799 4371 927 4441 magistri
945 4370 1022 4441 Rape
1038 4369 1164 4424 absentis
1202 4374 1235 4424 13
1249 4369 1377 4425 Jauuarii
