3398 5122
194 369 361 456 1187-88]
632 382 746 434 onnon
768 379 861 432 eoos
884 381 906 430 Δ
1284 362 1349 431 ’417

263 537 373 596 artibus
391 538 534 609 magistris
577 541 612 592 10
630 536 799 592 Novembris
821 535 944 590 lieberto
964 534 1055 605 Sharp
1074 534 1104 587 in
1123 533 1232 588 artibus
1252 533 1351 604 magis·

263 633 308 684 tro
352 628 484 683 1511111
506 627 587 682 Ildm.
609 625 751 681 Β1111111
773 625 905 679 Eleasaro
927 623 1010 677 Knox
1031 623 1060 676 in
1082 622 1191 677 artibus
1210 621 1352 692 magistris

267 716 392 773 ieiunii
409 714 601 772 Tho.Archer
616 713 768 769 inertibus
785 713 919 784 magistro
935 717 965 767 et
981 716 1010 765 1·
1021 710 1091 766 Julii
1108 709 1353 767 ThomeOshorns

265 822 343 860 sacre
360 804 498 876 theologie
513 803 714 859 bacchalaureo
730 807 760 856 et
776 802 843 856 Tho.
859 798 985 856 leonard
999 815 1076 854 sacre
1088 798 1225 868 theologie
1238 796 1352 853 beccha-

194 893 364 1036 Oonolddru'ledr
389 984 423 1036 20
445 977 614 1034 Novembris
635 981 668 1032 vt
689 977 815 1048 magistri
837 975 964 1030 doctores
989 973 1077 1030 Fulke
1101 973 1162 1029 Bell
1187 974 1303 1029 Berwell
1324 977 1354 1028 et

266 1068 364 1124 Bettes
385 1073 415 1124 et
437 1068 570 1140 magister
589 1065 769 1122 Chadderton
791 1065 850 1120 siut
871 1063 980 1135 judices
1001 1064 1030 1118 in
1052 1079 1137 1117 causa
1156 1061 1354 1134 appellaoionis

266 1156 389 1212 doctoris
408 1156 521 1228 lorkyn

196 1244 367 1302 Conceditur
383 1244 481 1300 eodem
493 1250 526 1298 11
541 1244 622 1299 litere
638 1243 722 1297 misse
735 1240 771 1296 ed
783 1239 929 1295 dominum
942 1239 1073 1294 comitem
1091 1238 1177 1292 Esses
1191 1237 1272 1293 modo
1284 1238 1354 1292 lecte

266 1332 423 1403 sigillentur
435 1331 527 1402 sigillo
538 1331 680 1386 communi

197 1419 367 1476 Conceditur
388 1424 423 1475 20
444 1417 614 1474 Novembris
657 1417 728 1472 Cum
750 1416 811 1471 dies
831 1415 869 1472 ad
889 1415 1110 1486 philosophicam
1130 1414 1353 1486 disputacionem

267 1508 402 1579 assignati
423 1526 474 1579 per
493 1511 604 1563 statuta
624 1505 766 1562 academie
790 1523 845 1561 non
868 1505 1012 1560 sufficiunt
1032 1504 1186 1576 incepturis
1208 1505 1260 1559 hoc
1280 1521 1355 1559 anno

268 1598 298 1652 in
322 1596 432 1652 artibus
456 1595 492 1650 ad
516 1601 688 1656 actussuos
711 1593 892 1649 scholasticos
916 1591 1087 1664 peragendos
1110 1592 1202 1663 placet
1223 1592 1302 1648 vobis
1324 1598 1355 1647 11

268 1691 362 1742 vestra
382 1687 553 1741 auctoritate
572 1684 678 1740 eisdem
699 1682 854 1754 incepturis
873 1680 993 1737 liberum
1014 1681 1052 1735 sit
1071 1681 1149 1735 omni
1168 1682 1290 1752 profesto
1309 1681 1355 1736 die

268 1772 419 1829 cuiuslibet
436 1773 592 1844 septimane
610 1773 640 1826 in
659 1771 780 1826 termino
798 1771 1005 1841 disputaciones
1026 1773 1056 1824 et
1076 1771 1270 1840 responsiones
1289 1789 1355 1826 suas

268 1879 333 1916 oum
354 1859 497 1931 magistris
521 1875 650 1930 peragere
674 1861 735 1912 tam
756 1858 785 1911 11
807 1856 903 1912 schola
923 1856 1082 1912 dialectices
1102 1873 1189 1927 quam
1209 1859 1239 1913 in
1260 1857 1355 1913 schola

269 1948 444 2020 philosophie
467 1947 504 2002 ab
528 1947 597 2002 hora
621 1963 695 2001 nona
718 1945 941 2000 antemeridiana
964 1962 1049 2015 voque
1073 1944 1108 1999 ad
1130 1944 1304 2001 undecimam
1325 1952 1355 2001 et

269 2036 307 2092 ab
329 2036 399 2091 hora
422 2035 514 2107 prima
538 2033 729 2106 pomeridiana
753 2033 789 2089 ed
812 2033 927 2088 tertiam
951 2035 981 2087 et
1004 2032 1051 2087 ills
1074 2031 1281 2104 disputaciones
1304 2051 1355 2105 pro

269 2124 402 2195 legitimis
423 2123 581 2178 habeantur
602 2122 685 2177 modo
706 2122 820 2176 intersit
837 2139 911 2176 vnus
934 2123 1145 2191 procuratorum
1166 2125 1196 2174 et
1217 2126 1289 2176 1111
1310 2123 1354 2176 he·
1388 2107 1398 2128 '

269 2211 360 2266 dellus
375 2215 406 2266 et
421 2211 518 2266 decem
533 2209 569 2264 ad
587 2209 681 2264 minus
697 2208 884 2264 bacchalaurii
901 2209 930 2263 in
948 2205 1092 2262 habitibus
1108 2208 1167 2264 suis
1181 2208 1356 2267 scholasticis

270 2303 300 2352 et
319 2298 482 2369 questiones
506 2293 677 2366 disputanda
698 2295 787 2349 valvis
811 2294 969 2348 scholarum
993 2293 1142 2364 affigentur
1165 2292 1233 2348 hora
1257 2299 1356 2350 octava

269 2385 492 2442 antemeridiana
509 2384 634 2440 eiusdem
651 2383 708 2439 dici
726 2401 782 2455 quo
801 2385 981 2439 1111111111
998 2382 1206 2453 disputaciones
1278 2430 1282 2436 .

200 2470 370 2526 Ooneeditur
388 2474 423 2525 22
441 2470 538 2525 Martii
581 2469 654 2524 Cum
670 2486 728 2525 non
744 2470 786 2525 ita
801 2469 911 2540 pridem
927 2473 1021 2524 vestra
1039 2468 1175 2524 facilitate
1193 2486 1355 2525 eoncessum

269 2559 325 2614 fuit
351 2558 404 2613 hoc
430 2574 505 2612 anno
531 2558 686 2628 incepturis
712 2559 743 2612 in
771 2557 881 2612 artibus
907 2561 938 2611 11
962 2556 1171 2628 disputaciones
1197 2575 1264 2613 suas
1290 2575 1355 2612 oum

271 2646 412 2717 magistris
433 2650 596 2717 peragerent
616 2645 734 2717 singulis
752 2645 852 2701 diebus
869 2646 1001 2717 profestis
1019 2642 1056 2699 ab
1074 2646 1142 2699 hora
1159 2646 1200 2700 ix·
1216 2647 1253 2701 ad
1271 2646 1356 2702 vnde-

270 2735 374 2791 oimam
389 2735 641 2790 antemeridianam
658 2740 688 2789 et
704 2733 741 2790 ah
756 2735 826 2790 hora
842 2736 864 2790 1·
876 2735 912 2789 ad
929 2735 1043 2789 tertiam
1060 2735 1280 2806 pomeridianam
1297 2741 1356 2791 tam

271 2825 301 2878 in
317 2823 413 2878 schola
430 2823 605 2895 philosophie
626 2840 712 2895 quam
734 2823 893 2878 dialectices
915 2841 965 2878 nec
987 2823 1079 2877 adhuc
1099 2827 1195 2878 tamen
1217 2825 1358 2879 sufficiant

271 2911 312 2966 eis
327 2911 536 2983 disputationes
547 2911 651 2983 quibus
667 2912 808 2969 academie
825 2913 943 2968 statutis
958 2913 1120 2968 satisfacere
1134 2915 1253 2984 possunt
1266 2913 1358 2985 placet

272 2999 352 3055 vohis
367 3003 400 3054 vt
418 2999 502 3054 liceat
520 2999 625 3055 eisdem
645 3000 763 3071 singulis
780 2999 880 3055 diebus
897 2999 1066 3070 supradictis
1084 3000 1170 3055 etiam
1187 3000 1224 3055 ab
1242 3001 1310 3056 hora
1328 3006 1358 3057 3·

272 3087 464 3160 pomeridiana
483 3087 519 3143 ad
537 3088 667 3159 quintam
687 3106 752 3143 cum
774 3087 916 3158 magistris
937 3086 1081 3158 disputare
1099 3088 1141 3143 ita
1157 3094 1253 3144 tamen
1272 3095 1304 3144 11
1321 3089 1357 3144 ad

271 3192 304 3230 ea
322 3175 416 3230 omnia
433 3173 532 3229 stricte
549 3173 723 3229 observanda
740 3177 891 3228 teneantur
906 3190 1026 3244 quorum
1043 3175 1149 3230 mentio
1166 3177 1240 3231 lacta
1255 3176 1356 3231 1111111

272 3263 407 3335 superiori
423 3263 601 3318 concessione
617 3268 711 3318 vestra

201 3352 370 3408 Conceditur
387 3355 420 3408 16
437 3349 600 3406 Decembris
612 3356 644 3407 vt
660 3368 744 3422 super
760 3351 937 3406 concessione
950 3355 1043 3405 vestra
1055 3368 1142 3421 quam
1155 3369 1245 3424 nuper
1257 3352 1357 3409 habuit

271 3439 465 3512 magisterio.
486 3441 601 3495 Bacster
617 3439 658 3510 ju
678 3439 713 3494 de
731 3439 796 3494 1111
815 3438 960 3494 vendendo
982 3439 1078 3495 literas
1099 3439 1202 3496 habeat
1222 3441 1358 3512 sigillatas

271 3528 362 3598 sigillo
380 3533 474 3583 vestro
492 3529 636 3583 communi

202 3617 372 3674 Conceditur
386 3621 421 3672 29
437 3616 534 3671 Martii
578 3616 641 3670 Etsi
660 3615 770 3671 tardius
788 3615 872 3687 paulo
887 3632 953 3670 cum
970 3621 1065 3671 tamen
1082 3615 1111 3671 id
1126 3616 1241 3673 tandem
1258 3618 1358 3690 presti-

274 3705 341 3760 terit
357 3703 491 3774 magister
508 3704 580 3758 Heu
594 3703 696 3758 Olarke
713 3702 789 3773 quod
807 3719 918 3756 summo
935 3703 1029 3758 favone
1046 3707 1140 3758 vestro
1156 3706 1182 3760 ei
1199 3705 1358 3762 iniunctum

272 3797 335 3847 erat
350 3789 386 3845 de
402 3789 605 3862 ingratitudine
622 3805 674 3844 sua
690 3789 720 3843 in
735 3789 907 3844 academiam
920 3793 950 3844 et
961 3789 1135 3846 academicos
1148 3797 1255 3848 vestros
1266 3795 1359 3865 placet

273 3879 353 3936 vobis
369 3885 401 3934 11
418 3896 452 3934 ex
470 3878 561 3950 gratia
577 3881 672 3933 vestra
689 3877 803 3948 speciali
821 3877 918 3932 eodem
935 3895 992 3949 quo
1010 3879 1089 3949 prius
1104 3881 1147 3935 vti
1165 3881 1249 3936 liceat
1264 3883 1359 3938 favore

273 3972 366 4023 vestro
387 3971 473 4038 atque
491 3969 523 4021 vt
544 3964 630 4020 libere
648 3983 712 4020 cum
732 3965 899 4021 academicis
918 3965 1019 4021 vestris
1040 3968 1234 4024 commertium
1256 3969 1358 4026 habere

272 4056 363 4128 possit
380 4056 440 4126 lege
457 4055 517 4110 sive
534 4053 646 4109 decreto
663 4059 758 4110 vestro
776 4053 841 4109 inde
859 4053 935 4110 edito
953 4073 1010 4110 non
1028 4055 1158 4112 obstante

202 4147 337 4202 Whereas
358 4144 408 4199 the
430 4143 596 4199 vniuersitie
613 4160 688 4214 vpon
707 4159 785 4198 some
804 4143 957 4199 vnadvised
976 4144 1110 4215 speaohes
1127 4147 1237 4202 vttered
1258 4148 1296 4220 by
1314 4166 1360 4204 me

274 4236 304 4289 in
320 4251 338 4288 a
354 4238 487 4305 certayne
500 4232 673 4303 worshiplull
689 4230 839 4288 assemblie
851 4234 883 4288 11
895 4241 936 4287 m*
947 4232 1205 4289 vioechaunoelo‘&
1219 4244 1260 4289 m*
1271 4238 1360 4292 maior

272 4321 329 4378 and
341 4321 416 4376 their
427 4321 610 4388 assistaunce,
624 4318 680 4374 and
693 4318 753 4374 also
766 4320 809 4374 lor
822 4336 899 4374 some
911 4320 1103 4393 discourtesye
1117 4321 1219 4376 offered
1233 4320 1270 4394 hy
1283 4341 1360 4380 some

274 4411 305 4465 ol
320 4427 369 4481 my
383 4410 477 4465 hewse
493 4411 563 4465 vnto
578 4407 711 4481 Wylliam
730 4407 890 4464 Hammond
908 4427 925 4463 a
941 4408 1076 4466 schollars
1091 4416 1220 4476 servant;
1238 4410 1287 4467 did
1303 4412 1359 4468 dis-
