3398 5122
191 365 358 448 1583-84]
623 381 736 431 ennon
758 383 852 430 soon
875 383 897 430 Δ
1283 371 1344 434 381

261 539 370 590 vestras
381 534 586 589 testimoniales
600 535 703 606 gradus
715 540 745 590 et
757 536 976 590 conversationis
991 553 1041 590 aue
1056 535 1147 606 sigillo
1163 541 1257 592 vestro
1273 555 1346 591 com-

262 623 341 677 muni
361 621 498 692 sigillatas
541 622 647 679 Eadem
667 625 759 693 gratia
775 624 937 678 conceditur
952 624 1049 679 (odem
1068 625 1189 679 Robcrto
1206 626 1300 680 Croitc
1318 626 1346 679 in

261 709 371 764 artibus
395 711 529 780 magistro
577 714 606 764 3⁰
625 709 722 765 Martii
741 711 784 764 Jo.
805 711 911 766 Barker
928 717 958 765 et
976 711 1044 766 Tho.
1066 712 1167 766 Hawes
1187 713 1216 767 iu
1239 711 1348 766 artibus

262 798 404 868 magistris
449 802 479 852 3⁰
494 798 601 868 Aprilis
618 798 712 852 Cesari
730 796 876 869 Whalpole
893 799 921 852 in
938 799 1047 854 artibus
1064 801 1197 871 magistro
1244 804 1260 853 8
1279 800 1346 853 Maii

262 885 336 940 Edw.
351 884 453 954 Smyth
467 883 604 955 theologie
616 883 815 940 buocholaumo
853 889 886 940 19
896 885 914 939 J
916 886 975 940 unii
986 886 1084 943 Franc.
1096 888 1216 943 Gomaro
1228 885 1347 941 Flandro

263 971 396 1042 Brugeusi
410 971 439 1024 in
451 971 561 1026 artibus
574 972 708 1041 magistro
743 977 773 1026 3⁰
785 971 802 1026 J
805 971 855 1027 ulii
868 972 944 1027 Edu.
960 973 1035 1044 Fagg
1047 974 1075 1028 in
1089 975 1198 1029 artibus
1214 973 1347 1044 magistro

261 1064 290 1114 et
310 1062 343 1113 10
361 1059 430 1114 Julii
450 1058 600 1114 Laurentio
619 1059 714 1114 Bonde
733 1061 762 1114 in
780 1059 891 1115 artibus
910 1061 1044 1131 magistro
1089 1065 1123 1119 27
1138 1063 1218 1117 Junii
1234 1061 1347 1116 dominc

194 1204 199 1213 ,
265 1147 362 1201 Issam
375 1146 494 1200 Lawneo
506 1147 586 1201 Gallo
598 1147 628 1201 in
641 1147 750 1202 artibus
762 1147 962 1203 bucchelaureo

194 1235 364 1290 Conceditur
377 1239 411 1289 10
423 1235 529 1306 Aprilis
541 1236 675 1306 magistro
687 1235 794 1290 doctori
807 1237 895 1291 Wood
908 1254 983 1291 nunc
995 1237 1025 1292 in
1038 1236 1171 1292 Walliem
1183 1237 1348 1291 transmisso

264 1341 314 1395 per
327 1323 589 1379 reuerendissimum
603 1323 749 1379 dominum
761 1324 779 1379 J
782 1325 921 1380 ohannem
938 1325 1188 1397 Archiepiscopum
1201 1326 1347 1380 Cantauri-

264 1429 359 1466 ensem
371 1411 407 1466 ud
420 1411 589 1467 visitandam
603 1412 680 1466 illam
696 1412 868 1483 provinciam
881 1410 954 1467 vnde
971 1430 1026 1466 uon
1043 1417 1087 1468 est
1102 1430 1265 1468 reuersurus
1282 1417 1349 1468 ante

263 1496 378 1551 comitia
394 1496 521 1567 proxima
536 1497 633 1552 futura
650 1501 681 1552 vt
697 1497 898 1552 determinacio
913 1497 949 1552 ad
966 1514 1051 1568 quam
1068 1499 1176 1553 ratione
1190 1499 1292 1569 gradus
1304 1501 1348 1553 sui

264 1585 388 1656 suscepti
400 1589 514 1640 tenetur
525 1584 615 1656 possit
627 1583 732 1639 differri
745 1585 775 1638 in
787 1585 941 1639 terminum
956 1585 1047 1640 salicti
1065 1585 1210 1640 Michaelis
1224 1585 1349 1656 proximo

264 1678 429 1744 sequentem
453 1673 507 1728 sub
530 1690 603 1744 pena
623 1673 673 1727 xls
694 1672 755 1728 sine
776 1672 901 1727 ulteriori
922 1672 1059 1728 dilacione
1084 1673 1230 1744 (forisfecit
1250 1675 1348 1746 ruurq.)

266 1766 297 1817 ll
316 1761 385 1816 Maii
401 1760 564 1816 conceditur
581 1762 715 1832 magistro
732 1761 839 1816 doctori
860 1761 970 1815 Bennet
988 1761 1037 1832 qui
1058 1761 1167 1816 ratione
1185 1761 1287 1832 gradare
1305 1763 1348 1816 sui

264 1851 386 1922 suscepti
402 1855 516 1906 tenetur
527 1850 562 1906 ad
575 1851 840 1906 determinscionem
858 1851 888 1904 in
905 1851 1044 1921 theologia
1061 1856 1090 1905 et
1107 1852 1227 1922 negociis
1242 1851 1348 1906 domini

265 1934 429 1990 Cancellarii
448 1935 537 1989 nostri
556 1935 708 2006 impeditus
726 1942 793 1990 ante
811 1935 926 1989 comitia
945 1953 1000 1990 uon
1018 1937 1109 2007 possit
1125 1937 1222 1993 adesse
1241 1948 1272 1993 vt
1289 1939 1349 1994 eius

264 2023 463 2080 determinacio
487 2023 633 2078 differatur
657 2024 687 2077 in
712 2023 870 2093 proximum
893 2040 1000 2078 annum
1019 2030 1088 2080 tunc
1106 2025 1272 2096 perficienda
1289 2027 1350 2081 sine

265 2113 389 2170 ulteriori
412 2113 550 2167 dilacione
573 2111 627 2168 sub
644 2131 717 2183 pena
736 2113 785 2167 xls
804 2114 922 2184 (peregit
943 2115 1043 2186 morp.)
1092 2115 1167 2169 ltcm
1187 2115 1350 2171 conceditur
1362 2107 1381 2166 f.
1402 2109 1487 2166 lita

266 2206 299 2256 12
314 2201 394 2256 Junii
415 2207 446 2255 vt
465 2200 665 2256 determinacio
684 2201 811 2272 magistri
828 2201 950 2257 doctoris
967 2203 1065 2258 Rudde
1081 2203 1117 2257 ed
1133 2220 1219 2273 quam
1236 2209 1349 2258 tenetur

265 2289 376 2344 racione
382 2287 485 2359 gradus
497 2289 541 2343 sui
551 2289 675 2360 suscepti
684 2289 774 2360 possit
781 2289 884 2344 differri
893 2290 922 2343 in
932 2307 1038 2344 annum
1048 2291 1206 2360 proximum
1215 2291 1349 2362 quoniam

263 2375 358 2432 subito
372 2381 505 2432 evocatus
519 2383 598 2431 extra
615 2376 787 2432 academiam
804 2395 854 2448 per
870 2395 971 2448 magna
986 2396 1038 2432 sua
1055 2380 1167 2450 negocia
1183 2397 1239 2434 non
1255 2385 1350 2451 potest

266 2467 295 2520 in
312 2466 434 2536 presenti
451 2483 526 2520 anno
542 2464 659 2519 eandem
676 2467 807 2536 perficere
823 2466 863 2520 sic
883 2471 915 2520 vt
929 2465 983 2520 sub
997 2483 1069 2538 pona
1081 2467 1131 2522 als
1144 2469 1220 2522 illam
1233 2473 1349 2539 peragat

266 2559 332 2608 ante
347 2553 451 2607 festum
469 2554 554 2607 Pasce
570 2553 729 2624 proximum
744 2553 873 2609 futurum
888 2555 1033 2624 (sonsfecit
1048 2558 1146 2627 mury.)
1195 2555 1268 2611 Item
1285 2573 1348 2610 oon·

266 2640 375 2696 ceditur
387 2643 421 2697 27
434 2641 451 2696 J
454 2642 513 2696 unii
526 2647 558 2696 vt
569 2641 769 2696 determinacio
782 2642 908 2713 magistri
921 2642 1043 2698 doctoris
1057 2643 1207 2714 Robynsou
1219 2645 1255 2699 ad
1263 2663 1348 2716 quam

265 2733 379 2785 tenetur
392 2729 499 2784 ratione
511 2729 614 2799 gradm
626 2730 670 2785 sui
683 2731 805 2800 suscepti
818 2731 909 2801 possit
920 2729 1023 2784 differri
1035 2732 1062 2784 in
1073 2732 1230 2802 proximum
1244 2751 1350 2788 aunum

266 2817 333 2888 quia
357 2817 422 2872 sede
445 2817 596 2888 episcopali
619 2818 806 2873 lincolniensi
828 2819 883 2873 iam
906 2825 1024 2873 vocante
1045 2837 1116 2874 onus
1136 2828 1166 2875 ot
1187 2839 1254 2874 cura
1275 2820 1351 2876 illius

266 2905 444 2977 episcopatus
462 2907 571 2976 prefato
587 2906 694 2962 doctori
710 2907 866 2978 imponitur
914 2907 960 2961 lta
975 2912 1007 2961 vt
1021 2908 1148 2978 proximo
1163 2926 1237 2963 auno
1253 2909 1350 2964 eadem

266 2993 465 3049 determinaeio
480 2995 646 3065 perfiniatur
661 2995 714 3050 suh
730 3013 801 3066 pena
818 2997 868 3050 xls
884 2996 945 3051 sine
963 2997 1084 3051 ulteriori
1105 2996 1242 3053 dilacione
1262 2999 1351 3069 (loris-

265 3083 333 3137 iecit
345 3084 444 3154 morp.)

195 3169 365 3227 Conceditur
377 3173 394 3225 9
406 3171 476 3225 Maii
512 3173 584 3227 Cum
597 3189 647 3244 per
658 3177 768 3227 statuto
780 3180 874 3228 vestra
885 3173 1037 3244 prudenter
1049 3179 1165 3228 cautum
1176 3176 1215 3229 sit
1227 3175 1351 3246 singulos

266 3257 296 3313 in
315 3257 415 3326 viginti
433 3256 530 3311 solidis
549 3257 726 3312 mulctandos
745 3259 794 3329 qui
813 3258 896 3313 alicui
914 3260 1012 3328 gratim
1030 3259 1246 3331 subscripserint
1263 3279 1349 3333 quam

266 3343 410 3399 candidati
426 3349 523 3414 postca
537 3349 616 3414 grato
633 3346 728 3400 animo
745 3363 801 3400 non
819 3347 1026 3416 acceptaverint
1040 3353 1070 3402 et
1084 3349 1200 3418 quidam
1217 3350 1282 3405 huic
1297 3352 1349 3422 legi

267 3433 296 3486 in
309 3431 509 3502 expileeionem
521 3433 602 3486 erarii
616 3433 721 3504 publici
734 3439 764 3487 et
775 3433 917 3488 academie
930 3436 1112 3496 manifestum
1125 3437 1288 3493 scordalum
1301 3457 1351 3510 per

267 3519 418 3592 peticiones
430 3521 626 3590 supposititias
638 3521 765 3576 fraudem
779 3523 869 3577 iacere
881 3522 1037 3576 moliuntur
1050 3527 1082 3576 vt
1093 3522 1178 3578 dictis
1190 3527 1307 3580 statutis
1320 3528 1349 3580 in

265 3627 317 3664 suo
333 3607 430 3662 robore
445 3613 581 3679 perpetuo
597 3609 810 3665 remanentibus
827 3609 988 3666 huiusmodi
1006 3611 1180 3666 clandestine
1198 3615 1350 3684 peticiones

266 3701 359 3750 vestro
371 3695 503 3765 suffragio
515 3699 545 3750 et
556 3698 726 3751 auctoritate
738 3698 817 3752 irrita
829 3703 858 3753 et
875 3715 925 3768 pro
940 3697 1025 3752 nullis
1039 3697 1198 3753 habeantur
1211 3705 1241 3754 at
1255 3701 1350 3757 huius-

267 3782 342 3837 modi
355 3781 560 3853 subscriptores
571 3783 607 3837 sd
620 3783 715 3838 debite
727 3785 831 3838 mulcte
843 3784 1014 3839 solucionem
1027 3785 1219 3856 astringantur

196 3870 365 3928 Conceditur
383 3869 479 3924 ecdem
499 3878 531 3924 vt
554 3871 717 3926 Nathauiell
737 3872 846 3942 Cossop
864 3873 902 3926 sit
920 3871 1025 3927 endem
1045 3872 1120 3942 apud
1139 3891 1189 3928 vos
1206 3874 1303 3930 ordine
1321 3885 1350 3932 ct

265 3957 353 4029 gradu
363 3957 468 4029 quibus
479 3963 523 4012 est
536 3958 651 4013 Oxoniis

195 4044 366 4103 Conceditur
384 4049 417 4100 18
435 4045 504 4102 Maii
519 4063 609 4116 quum
628 4048 749 4118 plurima
767 4053 796 4102 et
814 4047 954 4103 academie
972 4052 1001 4104 et
1019 4049 1156 4104 stratoris
1174 4052 1288 4122 negocia
1306 4053 1350 4109 J0.

267 4133 382 4188 Baoster
394 4132 501 4188 bedello
518 4133 699 4188 incubuerint
717 4138 748 4187 vt
764 4151 862 4188 umaro
878 4135 1011 4190 continue
1027 4136 1117 4190 officio
1134 4155 1185 4191 suo
1201 4136 1277 4192 domi
1295 4158 1350 4195 uon

267 4220 357 4293 possit
375 4221 449 4292 qnod
470 4223 586 4276 minime
607 4239 657 4292 per
676 4221 833 4276 absentiam
854 4241 935 4277 suam
956 4223 1099 4279 desertum
1122 4224 1190 4278 velit
1210 4227 1351 4297 supplicat

266 4309 432 4368 reuerentiis
457 4309 558 4363 vestris
583 4315 614 4363 vt
638 4309 797 4364 Johaunem
823 4309 939 4365 Bacster
960 4311 1049 4365 filium
1071 4329 1155 4366 suum
1180 4313 1352 4370 substituere

268 4399 358 4472 possit
370 4399 420 4470 qui
433 4399 492 4466 eius
505 4416 609 4454 munus
620 4397 703 4455 obeat
715 4416 803 4471 vsque
818 4398 854 4453 ad
868 4399 973 4456 festum
990 4401 1081 4455 sancti
1099 4399 1245 4457 Michaelis
1261 4405 1352 4474 proxi-
