3344 5110
164 356 329 441 leta-43]
595 373 709 424 aaron
730 375 825 424 ecca
847 377 871 426 a
1299 364 1319 428 9

233 528 287 584 sub
313 547 386 600 pena
410 539 455 584 rx·
478 531 620 586 communi
642 531 720 586 cistae
744 531 911 602 applicanda
935 536 1002 586 ante
1025 532 1170 586 commitia
1194 531 1320 602 proxima

234 618 394 672 variaturus
412 619 467 673 nisi
486 619 625 673 terminus
643 619 797 674 dissolutus
816 626 860 674 cst

164 703 237 758 Item
262 705 425 761 conceditur
443 707 578 778 magistro
599 706 684 780 Odyll
702 713 735 762 vt
752 709 870 763 variatio
891 710 952 764 eius
972 708 1007 764 ad
1029 725 1114 780 quam
1136 712 1248 762 teuetru
1268 707 1321 761 hoc

233 809 307 846 anno
319 799 412 864 preter
424 794 501 849 illam
514 795 550 850 ad
566 812 652 866 quam
669 799 783 851 tenetur
799 797 829 850 in
845 795 891 850 die
907 796 1116 851 commitiorum
1129 795 1276 850 differatur
1290 795 1319 848 in

233 881 390 950 proximum
419 883 460 936 ita
488 882 565 954 quod
590 882 752 954 perficiatur
780 888 847 938 ante
875 883 981 937 fastum
1006 883 1110 938 natalis
1134 881 1240 938 Christi
1266 882 1320 936 sub

232 985 305 1038 pena
316 978 362 1024 xx·
373 974 440 1024 ants
452 971 597 1026 committa
611 972 770 1026 variaturus
783 972 837 1025 nisi
850 973 989 1026 terminus
1000 972 1155 1027 dissolutus
1166 977 1240 1026 essct

163 1055 236 1110 Item
255 1057 417 1112 conceditur
438 1057 541 1113 loanni
562 1059 639 1114 Mare
663 1065 695 1114 vt
713 1059 845 1131 deinceps
866 1060 987 1130 gaudere
1006 1061 1097 1132 possit
1114 1063 1144 1114 et
1164 1060 1206 1114 vti
1226 1062 1320 1114 vestra

231 1143 404 1198 authoritate
428 1144 518 1198 officio
543 1146 687 1216 regestrali
709 1146 767 1199 iam
790 1145 842 1200 diu
862 1164 896 1201 ex
915 1163 1026 1201 recessu
1050 1145 1178 1218 magistri
1204 1144 1320 1200 chbes

231 1229 298 1284 olim
323 1231 421 1285 bedelli
447 1238 566 1287 vacante
590 1250 654 1287 cum
680 1232 812 1287 omnibus
833 1234 1031 1289 emolumentis
1054 1251 1089 1288 ex
1112 1233 1208 1289 eodem
1230 1233 1320 1288 officio

231 1317 326 1389 aliqua
342 1319 452 1374 racione
469 1320 699 1390 pervenientibus
736 1322 770 1376 Iu
791 1321 874 1393 plena
890 1323 1103 1394 congregatione
1117 1323 1274 1394 regentium
1290 1326 1320 1377 et

234 1423 290 1459 uon
308 1405 489 1480 [regentium]
508 1407 688 1464 attenuasti
707 1427 781 1464 anno
801 1414 870 1464 1542

162 1492 235 1547 Item
258 1494 420 1549 conceditur
438 1500 470 1550 vt
491 1514 610 1568 expense
629 1515 680 1570 per
698 1497 844 1552 dominum
864 1497 1040 1569 Standysshe
1062 1497 1317 1553 vicecancellarium

231 1581 368 1638 hactenus
383 1582 457 1639 facte
473 1589 503 1638 et
519 1601 569 1655 par
584 1585 705 1640 eundem
722 1585 774 1640 hoc
789 1586 911 1640 termino
923 1585 1013 1640 dende
1026 1587 1055 1640 in
1074 1586 1195 1656 negociis
1208 1587 1318 1640 vniuer-

230 1671 324 1725 sitatis
343 1671 462 1726 londini
481 1672 593 1727 allocari
612 1673 723 1744 possint
741 1691 791 1745 per
808 1673 835 1729 d.
856 1673 1016 1729 Edmcndes
1035 1673 1148 1746 Gylpyu
1167 1680 1196 1730 et
1215 1674 1308 1746 Palley

161 1758 235 1813 Item
256 1759 419 1814 conceditur
443 1763 474 1813 vt
493 1759 625 1814 dominus
648 1759 841 1815 Wintonensis
862 1760 1046 1815 cancellarius
1068 1766 1165 1816 noster
1187 1761 1318 1816 domiuus

226 1845 549 1902 westmonasteriensis¹
571 1852 601 1902 et
621 1847 754 1902 dominus
778 1849 1022 1904 vicecancellarius
1047 1849 1172 1904 habeant
1192 1856 1315 1906 vestram

230 1933 432 1989 authoritatem
449 1935 620 2006 transigendi
639 1954 703 1991 cum
721 1937 869 2009 oppidanis
885 1937 920 1992 de
938 1944 968 1992 et
985 1955 1070 2008 super
1088 1937 1219 1993 omuibus
1235 1939 1317 1994 liber-

229 2021 338 2077 tatibus
359 2024 461 2078 vestris
481 2040 553 2094 ques
571 2024 682 2081 habetis
703 2026 732 2080 in
755 2026 889 2081 nundinis
913 2025 1159 2097 Stirbrigiensibus
1180 2027 1319 2082 duntaxat

230 2109 277 2165 lta
295 2116 326 2164 vt
345 2110 479 2181 quicquid
500 2129 598 2166 omnes
618 2111 657 2166 hii
677 2129 728 2167 suc
752 2131 890 2168 consensu
908 2114 1063 2168 statuerint
1083 2117 1110 2168 et
1130 2113 1318 2184 quodcunque

230 2201 345 2268 pactum
366 2199 491 2253 cumeis
512 2198 671 2253 invenerint
692 2204 787 2254 ratum
806 2200 935 2255 habeatis
954 2211 984 2256 et
1004 2219 1055 2273 pro
1074 2206 1168 2257 vestro
1190 2201 1317 2257 omnium

229 2287 303 2341 facto
321 2291 452 2342 teneatur
466 2287 508 2342 sic
525 2293 556 2341 vt
573 2305 630 2342 non
647 2289 687 2342 sit
698 2287 802 2343 damno
814 2293 844 2344 et
855 2288 1025 2344 detrimento
1038 2289 1180 2360 magistris
1195 2289 1318 2361 Brygges

230 2377 260 2428 ct
278 2374 386 2430 sandes

160 2462 233 2516 Item
257 2460 421 2516 conceditur
444 2466 476 2514 vt
496 2460 523 2514 d.
547 2460 650 2532 Blythe
675 2461 802 2531 magistri
827 2461 998 2533 vaynborna
1022 2467 1052 2517 et
1075 2463 1261 2534 hynsworthe
1281 2463 1316 2518 de

229 2550 342 2620 collegio
359 2549 435 2604 Petri
453 2555 483 2604 et
501 2549 615 2621 Gylpyn
634 2550 692 2604 sint
707 2550 813 2605 iudices
829 2549 949 2621 delegati
969 2552 1055 2606 vestri
1073 2551 1136 2622 (sic)
1154 2552 1267 2606 nomine
1285 2553 1316 2606 iu

228 2657 313 2694 caesa
324 2640 448 2709 quadam
457 2637 654 2710 appellationis
663 2656 718 2710 que
728 2639 849 2693 vertitur
861 2640 890 2693 in
903 2639 1041 2693 Thcmem
1052 2638 1128 2711 Kety
1138 2643 1168 2693 at
1177 2638 1195 2694 J
1196 2655 1315 2694 oannem

228 2727 398 2799 Whytakers
417 2744 472 2782 non
492 2726 624 2782 obstante
648 2728 739 2798 priore
756 2728 849 2798 gratia
866 2745 951 2800 super
969 2727 1021 2782 hac
1039 2744 1070 2782 re
1086 2726 1162 2782 iacta
1182 2729 1316 2798 quoniam

228 2815 276 2885 qui
289 2816 368 2886 prius
380 2816 492 2871 hrerant
508 2814 628 2885 delegati
646 2815 791 2871 commode
809 2833 865 2870 uon
879 2821 998 2888 possunt
1012 2815 1146 2870 interesse
1163 2817 1205 2870 ita
1221 2822 1316 2872 tamen

228 2907 260 2956 vt
271 2920 305 2956 ex
322 2902 366 2956 his
383 2903 432 2974 qui
450 2901 571 2973 delegati
590 2919 665 2957 nunc
680 2907 748 2958 sunt
764 2904 788 2957 si
806 2920 903 2958 omnes
917 2905 1052 2958 interesse
1066 2903 1244 2974 nequiuerint
1260 2904 1317 2960 duo

229 2987 472 3044 nihilominusaut
481 2995 539 3043 tras
552 2990 582 3042 in
592 3005 677 3044 causa
689 2989 842 3062 procedant
853 2995 883 3045 et
895 2989 1082 3062 quodcunque
1091 2990 1130 3044 hii
1140 2990 1315 3046 decreuerint

227 3076 256 3131 id
268 3095 319 3148 pro
331 3083 425 3132 vestro
436 3081 482 3132 etc

157 3165 232 3220 Item
244 3165 407 3221 conceditur
418 3171 451 3222 vt
462 3167 596 3237 magister
608 3167 724 3239 Wylson
736 3169 826 3240 possit
838 3168 968 3239 supplere
980 3168 1055 3224 vices
1067 3167 1195 3238 magistri
1213 3167 1315 3224 Glover

226 3254 256 3308 in
269 3253 397 3309 emtodia
408 3255 479 3309 cista
490 3254 526 3310 de
538 3254 633 3310 Fenus
645 3255 697 3310 hoc
709 3273 784 3311 auno
795 3257 891 3313 futuro

222 3414 231 3446 ¹
248 3415 365 3466 Thomas
377 3415 494 3480 Thirlby,
508 3415 603 3481 bishop
614 3418 644 3468 ol
653 3417 846 3481 westminster,
860 3417 1027 3469 consecrated
1039 3417 1097 3470 Oct.
1110 3419 1149 3480 19,
1165 3419 1237 3469 1540.
